1444 2597
677 202 755 242 215
268 296 1242 339 317. In der melodischen Fortschreitung sehen wir die
189 347 1243 402 Stimmen, wenn ein Schluss herbeigeführt werden soll,
188 403 1247 450 nicht den Gang nehmen, der ihnen nach den Bedingungen
185 451 1250 499 der Accordverbindung zukommt. Die Folge G-h-D...G-C-e
188 508 1237 563 lässt die Quint (D) des ersten Dreiklanges in die Terz (e)
190 555 1243 614 des zweiten treten, wie eben die Dreiklangsvermittlung
193 612 1239 658 für die beiden nur in der Quint verbundenen Accorde
181 660 968 715 diese Fortschreitung von selbst herbeiführt:
275 820 1249 872 Schlussbedürfniss ist aber für diese Stimme, nicht
186 875 1242 922 nach der tonischen Terz, sondern nach dem Grundtone
192 930 1244 979 überzugehen, um auf diesem die Ruhe zu finden, die auf
186 987 1244 1027 der Terz nicht gewährt ist. In wesentlich melodischen
188 1035 1237 1091 Sätzen ist es nun vornehmlich diese Oberdominantquint,
185 1092 1236 1131 die in der melodieführenden Stimme dem Schlusstone vor¬
191 1140 1232 1188 angeht. So haben die Schlusse der Choräle und der Volks¬
183 1195 1239 1250 lieder in weit überwiegender Mehrzahl diese Form, die
185 1251 1240 1291 Melodie schliesst nicht aus dem Leittone, sondern aus der
196 1299 1233 1347 Oberdominantquint nach dem Grundtone. Im harmoni¬
181 1361 1244 1403 schen Schlusse wird aber eine andere Stimme zu dieser
183 1410 1241 1451 Oberdominantquint die Oberdominantterz enthalten und
191 1460 1229 1510 mit derselben nothwendig auch in den Grundton treten,
188 1519 1234 1563 eine dritte Stimme wird den Oberdominantgrundton als
184 1570 1242 1612 tonische Quint unbewegt liegen lassen, und so bleibt mit
187 1620 1231 1674 diesen Fortschreitungen der tonische Dreiklang ohne Terz;
180 1682 1236 1731 denn es führt, wenn die Oberdominantquint nicht ihre
186 1724 1244 1771 Fortschreitung dahin nimmt, kein anderes Intervall des
186 1779 1239 1827 Dominantaccordes in diesen Ton. Daher schliesst die poly¬
183 1836 1233 1891 phonische Musik der alten Zeit, die durchgängig mehr eine
185 1884 1236 1938 melodisch combinirte, weniger eine Folge von Accorden,
182 1940 1225 1986 als ein Accord von Folgen, ein Zusammenklang von Me¬
182 1995 1231 2044 lodieen ist, oft ohne tonische Terz. Die Dominantseptime,
185 2052 1243 2099 welche bei uns in die tonische Terz leitet, ist jener Zeit
