1444 2597
677 202 762 246 311
189 300 1248 340 entsprechend finden. Die Form ist in der Wirklichkeit
194 348 1251 396 überall nur die Form des Inhaltes. Es kann gerade das
190 403 1244 442 inhaltreichere, höher intentionirte Kunstwerk solche Ab¬
190 452 1247 498 weichungen von der schlechthin an sich klaren Regularität
197 507 1241 547 metrischer Beschaffenheit öfter in sich enthalten und zu¬
193 555 1254 603 lässig finden lassen, als wir sie in Producten geringerer
201 611 1251 659 Ordnung gern ertragen würden. So zeigen auch die orga¬
191 668 1255 707 nischen Bildungen der Natur auf den niederen Stufen eine
197 715 1254 763 fasslichere Regularität der Form, sie scheinen einem
194 779 1251 822 strengeren Gesetze zu folgen, als die höher organisirten, in
199 826 1253 867 welchen das reichere und mehr individualisirte Leben auch
191 875 1243 923 in ihr formales Dasein übergeht und dieses complicir¬
192 924 1241 979 ter, nicht weniger gesetzlich, aber vielfach bedingter ge¬
193 980 323 1027 staltet.
281 1028 1251 1075 Nur in Musikstücken von kleinstem Umfange werden
196 1088 1259 1139 wir die metrischen Theile in der einfachen Regelmässigkeit
193 1131 1256 1187 disponirt finden, wie sie das Metrum an sich aufeinander
199 1188 1259 1236 folgen oder auseinander hervorgehen lässt. So führen die
199 1235 1243 1291 metrischen Tanzformen in der Regel eine stetige Zwei-,
197 1291 1251 1339 Vier- oder Achtzahl der Tacte fort; denn hier ist die
193 1355 1258 1403 regulär-metrische Gliederung erstes Erforderniss, da sie
196 1403 1245 1445 die Figuren und Schritte des Tanzes leiten und ihnen me¬
194 1451 678 1499 trischen Halt ertheilen soll.
285 1507 1253 1553 Wie aber schon im einfach-dreizeitigen Metrum ein
193 1565 1247 1603 metrisch zweites Moment die Geltung eines ersten erhält:
197 1611 1259 1660 erst zweites ist, dann erstes wird; so geschieht es auch in
200 1675 1253 1715 weiterer Formation, dass eine grössere metrische Gruppe
206 1723 1255 1763 sich nach einer Seite als Nachsatz, nach der anderen als
197 1756 1249 1818 Vordersatz wird verhalten können. Es ist diess dasselbe,
196 1818 1259 1876 wie die Umdeutung eines Accordes in seinem Bezuge auf
197 1883 1270 1922 die Tonart, die Modulation: wie wenn ein Dominantaccord
199 1932 794 1987 (II) als tonischer (I) gesetzt wird,
