1444 2597
700 210 773 256 100
209 300 1272 348 zuleiten sein: das würde einen unmittelbaren Uebergang aus
211 355 1266 403 C—G nach G—D aussprechen, wie die Tonleiterbildung ihn
209 411 1266 467 entstehen lässt; der Accordübergang aus C-e-G nach G-h-D
206 460 1268 506 kann aber nur durch e-G-h vermittelt geschehen: C-e-G...h-e-G
215 523 1261 572 ...h-D-G; und die daraus hervorgehende Septimenharmonie
213 578 1259 611 wird eben nur die Folge h-e-G...h-D-G verbunden enthalten
208 620 1253 666 können, als h-D-e-G, in derselben Lage und nach der Stimmen¬
209 676 1258 723 fortschreitung, wie sie durch die Dreiklangsfolge gegeben ist.
290 723 1265 771 150. Es wird daher die Septime, wo sie zu dem
201 779 1262 827 schon vorhandenen Grundtone eintritt, d. h. wo der über¬
208 834 1261 875 liegende Dreiklang dem zunächst unter-liegenden verbun¬
206 883 1260 932 den wird, allezeit nur aus dem Grundtone des unter¬
200 940 1259 987 liegenden hervorgeben können, denn es kann keine andere
207 995 1264 1044 Stimme melodisch nach der Quint des über-liegenden Drei¬
210 1043 1265 1093 klanges führen, wie überhaupt zu direct verständlichem
204 1100 1258 1146 Uebergange keine andere Fortschreitung geschehen kann,
210 1156 1261 1196 als die melodisch gefasste, d. h. secundweise aus dem
212 1203 1247 1251 Grundtone des unteren Dreiklanges in die Quint des obe¬
209 1251 1261 1300 ren, oder umgekehrt; indem in dieser Differenz der Ac¬
209 1318 1258 1356 cordwechsel allein besteht. Wo noch andere Fortschreit¬
206 1363 1259 1411 ungen geschehen, oder wo der übergegangene Ton im
206 1426 1259 1474 neuen Accorde in anderer Bedeutung eintritt, da sind eben
206 1467 1260 1515 combinirte Folgen vorhanden: solche, in denen eine dop¬
208 1531 1261 1579 pelte Fortschreitung, ein zweifacher Wechsel geschehen
203 1572 1257 1627 ist. So z. B. in der Folge C-e-G...G-h-D in die Lage h-D-G,
207 1628 1253 1675 wo zuerst der Grundton C nach der Quint h des Dreiklan¬
200 1675 1264 1732 ges e-G-h, und dann der Grundton e dieses letzteren nach
204 1731 1270 1779 der Quint D des Dreiklanges G-h-D fortgeschritten ist. Als
201 1787 1269 1827 Septimenformation ist dann der erste und zweite, oder der
199 1849 1269 1891 zweite und dritte Dreiklang in der Aufeinanderfolge zu
201 1891 871 1940 verbinden, als h-C-e-G oder h-D-e-G.
290 1947 1262 1983 Wenn sonach die unvorbereitete Septime nur abstei¬
201 1995 1263 2051 gend aus dem Grundtone selbst (oder der Octav) eintreten
199 2051 1265 2091 kann, indem die Accordverbindung es nicht anders ent¬
