1444 2597
746 220 800 266 64
239 316 1301 362 der Molltonart ein künstlich gemachtes ist; es ist Beides
246 363 1297 411 menschlich beseelte sich selbst bildende Bildung, ver¬
236 419 1298 463 nünftiges Sein und Werden in Klängen und Klangbestim¬
239 476 1301 530 mungen; etwas Höheres als das natürlich Gegebene und
236 523 672 571 das künstlich Gemachte.
329 579 1293 635 85. Die Natur, wo sie bestimmte Töne hören lässt,
237 636 1299 676 bringt sie in einer Reihe hervor, die unter ihren Gliedern
238 683 1299 731 die Momente des Dreiklanges zwar mit enthält, aber nicht
241 739 1294 788 im Sinne einer in sich geschlossenen Bestimmung, wie sie
232 788 1297 835 für uns erst eine musikalische Geltung haben kann, und
238 843 1293 891 wir müssen schon mit dem fertigen Begriffe des Accordes
235 907 1292 947 an die unendliche Progression der natürlichen Tonreihe
230 955 1280 992 herankommen, um die dem Dreiklange zugehörenden Glie¬
236 1004 1285 1059 der in ihr aufzufinden. Die Progression geht aber sogleich
238 1060 1293 1107 auch über das hinaus, was zum Accorde gehört und in der
234 1109 1285 1155 Harmonie eine verständige Bedeutung hat. Wie aber der
224 1163 1282 1210 Dreiklang in der natürlichen Reihe als besondere Bestim¬
234 1219 1292 1259 mung schon nicht gegeben ist; so ist es noch weit weniger
236 1269 1279 1315 das System der Tonart und kann es schon seinem mate¬
227 1323 1279 1372 riellen Inhalte nach, indem es auch ein rückwärts ge¬
228 1372 1280 1418 bildetes Moment, den Unterdominantaccord, enthält, in
236 1428 1278 1474 der natürlich nur vorwärts bildenden Reihe nicht sein.
228 1483 1281 1539 Die von C ausgehende arithmetische Tonprogression wird,
225 1546 1279 1579 auch in das Unendliche fortgeführt, nie den Ton F oder
224 1588 1282 1635 seine Terz a produciren können. Diese sind hier eben
220 1650 1278 1692 so wenig möglich, als es und as, die Terzen der Moll¬
228 1700 344 1738 tonart.
620 1764 883 1834 Accordfolge.
313 1859 1282 1906 86. Wenn wir in der Tonleiter eine aus der Tiefe nach
217 1907 1276 1955 der Höhe sich erhebende Stimme betrachtet haben, deren
217 1964 1287 2011 Fortgang, an sich ungetheilt, in den Puncten, wo er den
208 2012 1277 2057 harmonischen Momenten der Tonart begegnet, zu Stufen
210 2068 1265 2113 fixirt wird, und nachgewiesen haben, wie dies in der Dur¬
