1444 2597
657 191 739 243 169
170 292 1220 340 sieben Stufen des Verhältnisses 15:16, drei im Verhält¬
174 348 1224 387 nisse 128:135 und zwei im Verhältnisse 24:25. Das Ver¬
175 396 1229 444 hältniss 15:16 ist aber nicht ein chromatisches, sondern ein
166 451 1224 498 diatonisches: es entspricht der Fortschreitung des Leittones
169 508 1227 548 zu der Octav des Grundtones; in der Molltonart auch dem
166 555 1044 603 Unterschiede der zweiten und dritten Leiterstufe.
258 611 1226 659 Wo nur ein Nächstes anzuschliessen ist, da wird es
170 659 1226 707 immer eine solche kleine diatonische Stufe sein; denn die
169 716 1215 762 chromatische Fortschreitung bewirkt einen weiterführen¬
170 771 1226 821 den Leitton, einen aufwärts leitenden in der erhöheten,
178 821 1233 867 einen abwärts leitenden in der vertieften Stufe. Wiewohl
176 876 1232 924 wir in den beiden oben bezeichneten chromatischen Scalen
165 931 1229 971 kein ges und kein ais, keine vertiefte Quint und keine
172 980 1228 1027 erhöhete Sext, sondern auch in der durch erhöhete Fort¬
172 1035 1219 1084 schreitung sich bewegenden die vertiefte siebente Stufe B,
171 1084 1227 1139 in der durch vertiefte, die erhöhete vierte Stufe fis antreffen,
175 1150 1225 1195 — indem wohl B und fis, nicht aber ais und ges als Accord¬
175 1196 1231 1236 töne im Systeme der C-Durtonart ein bestimmendes Moment
169 1241 1219 1299 finden —, so würde doch die melodische Bewegung F..fis..F,
165 1300 1221 1346 und h..B..h sich dem Gefühle nicht rechtfertigen können.
165 1349 1232 1395 Es sind in der Folge F..fis..G nur die Stufen F..G und
168 1404 1232 1459 fis..G für sich bestimmte, wie in der Folge B..h..C es nur
165 1460 1227 1515 die Stufen B..C und h..C sind; daher die Folgen F..fis..F
171 1521 1220 1562 und h..B..h einer verständlichen Begründung ermangeln.
169 1564 1212 1611 F kann sich auch hier nur als Leitton zu einer über ihm lie¬
170 1627 1224 1675 genden Stufe ges, h nur auf einen unter ihm liegenden
169 1668 1220 1714 Leitton ais beziehen, und es treten hier das unterhalb des
170 1723 1229 1771 C-Dursystemes liegende B und das oberhalb liegende fis für
165 1772 1220 1818 die Schritte F..ges..F und h..ais..h als vermittelnde Töne
171 1827 1214 1875 ein; wie wir schon in der diatonisch aufsteigenden Moll¬
168 1876 1223 1924 tonleiter die erhöhete sechste, und in der absteigenden
163 1932 1226 1979 die vertiefte siebente Stufe, durch die Grenztöne ver¬
157 1988 1223 2035 mittelt, ausserhalb des geschlossenen Systemes gefunden
161 2043 293 2083 haben.
