1444 2597
659 267 733 307 59
158 356 1217 401 untergeordneten Accordverbindung eine Folge zwischen die¬
157 419 1222 468 sen beiden Stufen sich herstellte, so treffen wir auch in der
164 459 1221 506 Molltonleiter an derselben Stelle auf dieselbe Trennung; es
161 516 1206 571 bietet sich aber hier nicht dasselbe Mittel zu einer Verbindung,
162 577 1211 627 auch zu einer von untergeordneter Bedeutung nicht dar, wie
154 621 1209 667 im Systeme der Durtonart. Wenn im Dursysteme die Terz
159 676 1214 724 der Unterdominant mit der Terz der Oberdominant durch
160 731 1208 779 die Terz der Tonica zur Folge vermittelt werden kann, in¬
163 787 1205 828 dem diese zur ersten als Quint, zur andern sich als Grund¬
165 841 1213 892 ton verhält, so ist im Mollsysteme dieses Mittelglied darum
162 899 1213 939 nicht als ein verbindendes vorhanden, weil die Mollterz der
156 940 1213 987 Tonica mit der Durterz der Oberdominant nicht im Quint¬
158 996 1210 1034 verhältnisse steht, vielmehr spricht das Intervall der über¬
157 1057 1210 1091 mässigen Quint in diesen beiden Tönen die entschiedenste
166 1100 1204 1147 Entzweiung aus: die Bestimmung eines positiven Grund¬
163 1163 1202 1203 tones gleichzeitig zum negativen. Es ist sonach eine me¬
159 1203 1219 1258 lodische Verbindung jener beiden Stufen im Mollsysteme auf
161 1259 1215 1307 keine Weise gewährt: Aus der sechsten Stufe als Mollterz
161 1316 1203 1362 des Unterdominantdreiklanges, wird nicht zu der sieben¬
158 1371 1213 1410 ten, als Durterz des Oberdominantdreiklanges in vermittelter
163 1419 1210 1467 Fortschreitung zu gelangen sein; jene steht. nur mit der
154 1476 1211 1523 fünften, diese nur mit der achten in melodischer Ver¬
153 1532 317 1587 bindung.
242 1579 1211 1622 76. Wenn die siebente Stufe, die Terz der Oberdomi¬
160 1634 1214 1691 nant, erreicht, überhaupt ein weiterer Fortgang möglich
157 1683 1215 1731 werden soll, so wird nach der fünften ein anderer Ton als die
161 1746 1214 1795 sechste der Tonart, es wird ein ausserhalb des Systemes
155 1795 1215 1844 liegender, die fünfte und siebente verbindender Ton folgen
157 1850 1222 1899 müssen, und dieser kann kein anderer sein, als die Quint
161 1899 1211 1947 der Quint des Oberdominantaccordes; diese, als sechste
161 1956 1207 2003 Stufe, bildet den Uebergang zu der siebenten der Tonart
159 2005 1211 2051 indem die fünfte, sechste und siebente jetzt durch Um¬
163 2069 1225 2115 wandlung der Quint des Oberdominantdreiklanges gegeben
159 2116 258 2163 sind.
