1444 2597
503 515 1046 588 Sprachmetrum.
588 604 974 660 Fuss. — Versmaass.
254 675 1257 722 Dipodie — Tripodie — Tetrapodie. Dimeter — Trimeter —
657 724 851 771 Tetrameter.
339 801 1312 859 141. In der Sprachmetrik hat man das einzelne Versglied
256 852 1308 907 einen Fuss genannt; die Verstheile nach der Zahl der Füsse,
249 908 1302 956 und den ganzen Vers nach der Zahl solcher Theile bezeichnet.
336 964 1307 1018 Wenn aber von sechs- und fünffüssigen Versen,
250 1011 1306 1058 von Hexametern, Pentametern, von fünffüssigen
246 1067 1309 1114 Jamben gesprochen wird, so bestehen solche Angaben nur
252 1115 1309 1163 in einer äusseren Zusammenzählung der Glieder; von der in¬
244 1171 1307 1219 neren Structur der metrischen Form ist ganz abgesehen, denn
251 1227 1307 1282 man erfährt von dieser durch eine solche Bezeichnung nicht
254 1276 1309 1323 viel mehr, als durch die Angabe nach Sylbenzahl und darf
257 1332 1305 1379 die Benennungen eben nur als Namen für Sachen be¬
247 1388 1315 1427 trachten, die ihrem Inhalte und ihrer Eigenschaft nach uns
249 1435 749 1483 schon bekannt sein müssen.
335 1491 1315 1531 142. Der Name Fuss für das einzelne metrische Glied
248 1539 1309 1587 ist aber darum schon der Sache ganz angemessen, weil mit
249 1595 1314 1640 ihm die natürliche Nothwendigkeit eines Paares solcher
255 1653 1305 1699 Glieder hervorgeht; denn mit einem Fusse kann man
250 1700 1303 1747 nicht fortschreiten, es bedarf dazu eines Paares, und zwar
245 1755 1309 1811 eines Paares von einem rechten und einem linken Fusse,
245 1811 1053 1851 einem antretenden und einem nachtretenden.
336 1859 1309 1906 143. Ein solches Fusspaar oder seine Thätigkeit, das
249 1915 1306 1958 Schrittpaar wird unserer zweizeitig ersten metrischen Be¬
244 1964 1308 2012 stimmung entsprechen, und wenn wir uns den Schritt des
242 2019 1304 2074 rechten Fusses als kräftiger vortretend vorstellen wollen,
235 2075 1319 2113 so wird dieser als das accentuirte Glied, der Schritt des
