1444 2597
668 219 733 267 23
255 315 1230 354 12. Mit den hier genannten drei Intervallen ist bekannt¬
169 363 1228 411 lich der Dreiklang gegeben. Die Octav ist aber, wenn die
174 419 1226 468 Bestimmungen von Quint und Terz an einem Grundtone
178 481 1230 530 stattfinden, nicht mehr von wesentlicher Bedeutung, da
168 524 1232 571 der Grundton an sich schon dem Begriffe der bestimmten
175 581 1229 627 Einheit entsprechen muss, wenn an ihm selbst die Quint
172 642 1227 676 als Intervall der Zweiheit, die Terz als Intervall der Verbin¬
172 685 1229 732 dung sich bestimmen soll. Daher in dem Zusammenklange
173 740 1230 788 von Grundton, Quint und Terz die Bedingungen des
180 793 1068 836 Consonanz-Begriffes schon vollständig erfüllt sind.
271 843 1231 891 13. In der Begriffs-Einheit der drei Momente des Drei¬
173 900 1226 954 klanges ist aber überhaupt alle Bestimmung enthalten,
176 948 1235 995 die dem Verständnisse nicht nur der Accorde, als der
179 1004 1238 1058 gleichzeitigen Verbindung von Tönen, sondern auch der
176 1060 1228 1111 melodischen Fortschreitung, und der Folge von Accorden,
173 1110 1230 1155 eben so wie sich später zeigen wird, den metrisch und
176 1164 1229 1211 rhythmisch gesetzlichen Forderungen zu Grunde liegt. Jeder
176 1220 1222 1265 Ton eines musikalischen Satzes ist Octav, Quint oder Terz;
177 1274 1221 1330 jeder Accord in Verbindung mit anderen, jedes rhythmisch-
178 1330 1229 1379 metrische Moment hat seine verständige Bedeutung im
180 1380 1231 1427 Begriffe der drei obigen Bestimmungen: die aber eben in
175 1428 1224 1477 ihrer ganz allgemeinen Wesenheit und nicht blos als Ton¬
181 1483 1238 1531 intervalle gefasst sein wollen; es ist vielmehr der bestimmte
182 1540 1239 1586 Character dieser letzteren selbst erst durch die allgemeine
175 1587 1238 1635 Bedeutung jenes Dreiklangbegriffes gegeben, dessen Inhalt
182 1644 1231 1691 hier mit quantitativen Bestimmungen im Klangelemente als
175 1699 1089 1747 Accord zu sinnlich verständigem Ausdruck gelangt.
264 1756 1225 1811 14. — Ueber die Bedeutung von Einheit und Gegen¬
176 1803 1229 1850 satz ist aber zu sagen, dass unter Einheit das ununter¬
177 1851 1239 1906 schiedene mit sich Eins-sein, unter Gegensatz das von
179 1908 1239 1955 Sich-verschieden-sein zu verstehen ist. Nicht dass Etwas
180 1963 1238 2012 von etwas Anderem verschieden sei, sondern dass es sich
179 2020 1231 2066 selbst als ein Anderes sich entgegensetze, ist der hier zu fas¬
173 2083 1238 2115 sende Sinn des Gegensatzes. Das erstere ist nur eine Differenz
