1444 2597
696 217 780 267 240
213 308 1267 370 jetzt die vermittelte Einheit im Verbunden-sein, für die
208 364 1262 419 Octav-Einheit derselben die Terz-Einheit herbeiführt;
209 419 1279 468 dies ist im Vorhergehenden ausführlich nachgewiesen, es
212 468 1213 513 wird dem etwas zuzusetzen hier nicht mehr nöthig sein.
297 524 1271 571 30. So wenig uns nun zugemuthet werden soll, im
214 579 1275 627 dreitheilig-gegliederten Metrum eine Klangquint, in der
213 628 1263 682 Quint eine Dissonanz nach dem speciell musikalischen Be¬
218 683 1271 739 griffe zu vernehmen; ebenso in dem die Dissonanz vorbe¬
216 739 1267 787 reitenden Consonanzaccorde und im zweigliedrigen Metrum
212 798 1273 843 eine Octav, im auflösenden Accorde und im viergliedrigen
213 843 1271 890 Metrum eine Terz; — so ist eben bei solchen Gleichsetzun¬
213 899 1272 952 gen das Wesentliche des Begriffes dieser Momente, in den
217 961 1275 1003 qualitativ verschiedenen Erscheinungen derselben, um so
221 1003 1277 1050 allgemeiner zu fassen und fest zu halten. So können wir
217 1056 1273 1098 eben auch dieselben Bestimmungen in noch weit mehr ab¬
211 1107 1280 1158 liegend scheinendem Objecte zur Begriffseinheit verbunden
219 1172 1270 1219 wieder aufsuchen; wie z. B. in der Gliederung des Begrif¬
215 1211 1280 1259 fes regulärer Körperlichkeit, oder der Räumlichkeit
212 1268 1258 1313 überhaupt: wenn wir ihre verticale Direction, die Höhe,
212 1327 1274 1372 als Einheit, die horizontal-bilaterale Direction, nach
217 1371 1262 1427 jeder Richtung sich selbst entgegengesetzt, die Breite,
218 1435 1273 1475 als Zweiheit, und Beides verbunden, als das Eine im
212 1481 1275 1539 Anderen, in welchem Dritten eben jedes Zweiheitsmoment
215 1532 1273 1579 an der Einheit Theil nimmt und in ihr aufgeht, als Ein¬
215 1587 1270 1635 heit der Zweiheit, mithin als die Begriffs-vollendende
215 1643 1270 1684 Terz der Verbindung der Höheneinheit oder Octav mit der
217 1691 1273 1739 Breitenzweiheit oder Quint, als den Schluss der Raumbe¬
216 1754 1277 1803 stimmung betrachten. Da also, wie in dem Begriffe der
219 1810 1274 1844 abgeschlossenen Räumlichkeit eine ferner hinzukommende
222 1852 1269 1900 Bestimmung nicht mehr stattfinden kann, wie etwas Con¬
213 1914 1276 1963 sonantes dem Dreiklange nicht mehr zuzufügen ist, ebenso
214 1964 1271 1998 auch die metrische Einheit nicht über ein viertes Zeit¬
221 2019 1272 2060 moment hinaus wird gehen können, ohne in sich selbst
220 2072 1285 2115 wieder Zweiheit zu werden, wie wir es an dem in Zwei
