1444 2597
662 243 749 283 349
253 331 1229 379 So wird im dreizeitigen Metrum, wenn die zweite Zeit
166 388 1222 444 daktylisch gegliedert ist, dieselbe allezeit die Bedeutung,
162 441 1226 483 erste zu der folgenden zu sein, in Anspruch genommen
165 492 298 547 haben:
163 668 1217 715 denn es lässt eben die dreizeitige Formation diese Bedeut¬
160 731 1231 770 ung der Schwere auf der zweiten Zeit, als der dritten
172 779 989 835 vorangehender, zu. In vierzeitiger Formation
168 972 1226 1019 ist dann die dritte Zeit wieder die gewichtige gegen die
168 1021 1228 1067 vierte. Nur diese letzte bleibt eine accentlose, wie es die
170 1076 1221 1122 dritte im dreizeitigen, die zweite im zweizeitigen Metrum
168 1131 1216 1172 immer sein wird. Sonach kann der Daktylus, mit der Be¬
165 1179 1221 1227 dingung, eines zweiten Gliedes erstes sein zu sollen, immer
169 1227 1219 1283 in jedem Gliede der metrischen Reihe sich bilden, mit Aus¬
164 1292 1224 1339 nahme des letzten, welches allein ein entschieden zweites,
172 1346 1224 1388 nachschlagendes ist; und die prosodisch gefüllte Kürze
167 1395 1226 1436 wird ebenso dem Daktylus in jeder Stellung vorausgehen
171 1443 1226 1500 müssen, sofern mit diesem eben eine Dipodie beginnt und
166 1499 1229 1545 der vorangehende Trochäus gegen ihn in metrisch-secun¬
170 1556 546 1610 däre Bedeutung tritt.
257 1604 1218 1651 167. In der früher gegebenen Aufzeichnung der tro¬
165 1661 1218 1706 chäisch-daktylischen Gliederung für das zwei- und drei¬
169 1718 1227 1764 zeitige Metrum — das vierzeitige war für diesen Zweck
168 1763 1223 1811 als doppel-zweizeitiges betrachtet, in seinen 81 For¬
176 1817 1228 1859 men aufzuführen nicht nöthig befunden worden — ist
175 1867 1229 1915 überhaupt die Combination der drei Momente ungleich¬
174 1924 1232 1971 zeitiger Gliederung vorgestellt, nach der vollen Zahl der
170 1980 1221 2026 möglichen Combinationsfälle. Bei denjenigen Formen aber,
179 2034 1224 2075 welche daktylisch schliessen, in denen also ein entschieden
168 2080 1232 2130 dipodisch zweiter Fuss daktylische Gliederung erhalten hat,
