1444 2597
682 251 735 298 55
170 351 1230 396 zwei Molldreiklängen des Systemes, welche die Terz der
173 395 1233 451 Tonica zum gemeinschaftlichen Tone haben: a ist Grundton
171 457 1236 508 zu e, und e bestimmt h als Quint. Somit ist die Folge a..h
177 508 1226 555 in der Umwandlung des e aus der Bedeutung der Quint in
179 556 1230 603 die des Grundtones vermittelt. Eben so ist es dann, auf den¬
173 605 1241 657 selben Ton bezogen, der letzte Schritt h..c, indem dann e
175 667 1232 722 in seine Quintbedeutung zurücktritt. Der letzte Uebergang
175 724 1223 764 würde zwar auch am Tone G gegeben sein, es ist aber hier,
181 772 1237 827 für die Folge der drei letzten Töne die erstere Bedeutung
177 827 653 884 die hauptsächlich geltende.
258 878 1242 920 69. Es bildet sich demnach die ganze Tonleiter in der
182 932 1238 977 ersten, zweiten und dritten Stufe an der Quint, in der
174 988 1239 1034 vierten, fünften und sechsten am Grundtone, in der
176 1028 1237 1082 sechsten, siebenten und achten an der Terz des Accordes
176 1100 1232 1148 der Tonica, indem jedes dieser drei Momente des Hauptdrei¬
169 1147 1242 1192 klanges aus der Quintbedeutung in die des Grundtones
170 1196 950 1242 überschlägt und zu der ersten zurückkehrt.
262 1507 1231 1555 70. Die Trennung, welche zwischen den beiden Tönen
179 1563 1241 1611 der sechsten und siebenten Stufe der Leiter immer gefühlt
179 1626 1227 1663 wurde, wenn man sie auf die beiden Dominantaccorde be¬
175 1676 1231 1717 zieht, und das Hinderniss, welches sich dadurch ihrer Auf¬
181 1733 1233 1771 einanderfolge entgegenstellt, war Ursache, dass man bei der
172 1780 1232 1824 früheren Solmisation sich auf ein Zusammenfassen der
182 1834 1234 1883 sechs ersten Töne der Leiter, die eine vermittelte Folge
180 1890 1239 1940 gewähren, beschränkte, dann aber, um einen weiteren
182 1939 1243 1987 Fortgang zu gewinnen, das sogenannte Hexachord, mit
178 1987 1232 2035 den bekannten Sylben ut re mi fa sol la, bei dem Grund¬
176 2050 1240 2100 tone, bei der Unterquint und bei der Oberquint der
177 2100 826 2156 Tonart seinen Anfang nehmen liess:
