1444 2597
700 251 776 291 52
213 340 1254 386 Gleiches mit jener führen kann, — nach der Unterdominant¬
213 399 1268 443 seite auf Molldreiklänge, auf der Oberdominantseite nach
211 444 1265 491 Durdreiklängen, — wird in den Grenzverbindungen des
212 500 1262 554 übergreifenden, wie in denen des geschlossenen Systemes,
205 564 1256 604 da an ihnen eben nur die Dominantaccorde Theil haben,
207 605 1266 650 auch nur dieselben Accorde enthalten können wie das Moll¬
212 667 452 714 tonartsystem.
484 739 1001 785 Tonleiter der Dur-Tonart.
291 819 1256 861 63. Der alte, nun etwas veraltete Streit oder Zwei¬
209 868 1272 915 fel: ob in der Musik die Harmonie oder die Melodie
220 929 1270 979 vorangehe, als das früher Entstehende zu setzen sei, geht
208 984 1276 1018 mit jenem fast gleichen Schritt: ob das Huhn oder das Ei
209 1031 1266 1084 früher da sei. — Dass die praktische Musik geschichtlich
206 1092 1266 1138 mit der Melodie, mit dem einstimmigen Gesange anfangen
216 1141 1265 1194 musste, ist wohl eben so sicher anzunehmen, als es ge¬
217 1194 1270 1235 wiss ist, dass alle melodischen Intervalle nur harmonische
207 1243 1273 1290 Bestimmungen sind, und eben keine andern sind und
211 1298 1270 1339 sein können, als die wir oben nachgewiesen haben. Auch
213 1348 1264 1395 das singende Kind hat, im bewusstlosen Gefühle, die Inter¬
212 1404 1262 1441 valle seines Naturgesanges zu intoniren keine andere Be¬
208 1465 1274 1506 stimmung, als die der Octav, Quint und Terz; jeder
212 1507 1269 1563 gesungene Ton einer Melodie ist eins dieser drei Intervalle
209 1571 1157 1603 zu einer die melodischen Töne vermittelnden Einheit.
302 1612 1271 1659 64. Wir können das melodische Princip zuerst
208 1668 1268 1706 abstract uns denken als das bewegende; ihm entgegen¬
215 1715 1269 1771 gesetzt das harmonische als das fixirende. Jenes als
218 1772 1273 1819 die Tendenz, aus einem Bestehenden herauszugehen, ohne
212 1828 1268 1883 weitere Bestimmungen an sich; diese Bestimmungen erhält
212 1875 910 1923 es erst in den harmonischen Momenten.
299 1932 1272 1978 65. Ein aus dem Grundtone des Durtonart-Systemes
209 1995 1271 2036 allmälig aufsteigend gedachter Klang wird, wenn wir den
211 2035 1269 2083 Ausgangspunct als erste Stufe betrachten, seine zweite, als
208 2092 1279 2132 harmonisch-melodische Bestimmung finden in der Quint
