1444 2597
646 258 702 299 41
147 348 1206 394 dass nämlich etwas Anderes als eines dieser Momente, die
149 405 1211 456 im Tonbegriffe als Octav, Quint und Terz erscheinen, die
146 455 1195 497 überhaupt aber die Begriffsmomente aller verständig-gefühl¬
150 507 1205 556 ten, d. i. vernünftigen Erkenntniss sind, selbst nichts
149 564 1204 617 direct Erkennbares sein kann. Eine kleine Terz in Bezug
145 625 1207 673 auf einen Grundton wird daher eben so wenig Anspruch
152 668 1205 722 machen können als directes Intervall betrachtet zu werden,
152 724 1202 770 als eine verminderte oder übermässige Quint; eben
148 785 1204 827 so wenig auch Secunden, Quarten, Sexten und Septimen
153 828 960 875 in allen ihren verschiedenen Beschaffenheiten.
237 876 1204 922 Wie es aber sehr unbequem und weitläufig werden
145 939 1196 984 möchte, jeden Menschen immer nach seiner Verwandtschaft,
147 987 1202 1035 oder nach dem Abstammungsgrade vom ersten Menschen¬
149 1051 1201 1098 paare zu bezeichnen und wir es vorziehen, ihn mit seinem
150 1091 1201 1140 Tauf- oder Familiennamen zu nennen, so wird es auch hier
156 1147 1195 1195 oft willkommen sein, zu kürzerer Bezeichnung, die Benen¬
153 1203 1210 1246 nung „kleine” Terz, „verminderte” und „übermässige”
149 1252 1202 1307 Quint, und andere, die Intervalle äusserlich bezeichnende,
152 1313 1208 1362 als Namen anwenden zu dürfen, und wie die Ausdrücke
152 1363 1204 1403 „Terz”, „Quint” und „Octav” ohnehin schon von der
146 1412 1205 1459 Stufenzahl der Tonleiter hergenommen sind, so werden
152 1468 1211 1523 auch, wo es nur darauf ankommt die äussere Entfernung
145 1523 1204 1563 zu bezeichnen, andere, indirecte Intervalle nach dieser Be¬
142 1572 658 1619 stimmung zu benennen sein. —
442 1652 914 1714 Verminderte Dreiklänge.
235 1735 1202 1779 45. Im Zusammenhange der Tonarten kann die Dur¬
153 1788 1208 1826 tonart in die eine oder andere durch die Tonica mit ihr
148 1835 1202 1879 verwandte Nebentonart, in die der Unter- oder Ober¬
149 1892 1205 1939 Dominant übergehen, indem der tonische Dreiklang selbst
149 1949 1197 1988 dort Oberdominant- hier Unterdominant-Bedeutung an¬
151 1997 1201 2050 nimmt. Dies ist aber für den Begriff der Folge eine zweifache,
151 2052 1205 2100 entgegengesetzte, der Quintbedeutung entsprechende Be¬
143 2108 1210 2151 stimmung, eine divergirende Bewegung nach Aussen, zu
