1444 2597
642 252 710 300 73
144 347 1201 403 die in einander übergehenden Dreiklänge gegeben sind,
145 406 1210 443 eine vierte die im Uebergange nicht basirten Accorde mit
145 451 640 500 einer Basis zu versehen hat.
230 507 1201 554 104. — Mit solcher formalen Selbstbestimmung, die eine
147 556 1201 602 Folge von Accorden nur allein in gebundener Nothwendig¬
145 612 1204 659 keit erwachsen, ja wie eine mineralische Krystallisation
142 675 1203 715 anschiessen lässt, ohne alle Freiheit und Wahl, würde
149 716 1202 762 allerdings für die musikalische Composition ein sehr be¬
147 772 1203 811 schränkendes Material geboten sein. Ihre Productionen
146 834 1199 882 würden in diesen Fesseln den egyptischen Sculpturen glei¬
151 882 1184 931 chen müssen, deren Verhältnisse in so strenger Bestimmt¬
141 932 1197 978 heit vorgeschrieben waren, dass zwei Statuen gleicher Höhe,
145 980 1199 1022 von verschiedenen Bildhauern gefertigt, auch in allen Thei¬
146 1035 1203 1078 len genau dieselben werden mussten. Es ist aber hier nur
144 1093 1208 1139 die allerdirecteste und nächste Stimmenverbindung, wie sie
141 1138 1199 1195 nach dem inneren Folgegesetze allein, ohne Hinzutritt irgend
144 1196 1198 1236 einer anderen Bestimmung, sich bilden würde, gezeigt. Der
148 1251 1206 1299 gesetzmässige Organismus lässt dann auch eine freiere, ja
141 1300 1197 1367 die freieste Bewegung seiner Glieder zu, innerhalb der Ge¬
141 1348 1191 1395 setzmässigkeit. Es ist uns aber hier eben um diese Gesetz¬
149 1412 1202 1459 mässigkeit selbst hauptsächlich zu thun, sie zu erkennen
150 1465 1207 1506 und zu beobachten, was sie zu allernächst fordert. Wie sie
139 1507 1209 1555 bildet, wenn andere Bedingungen mit eingreifen, wird, wenn
147 1572 1205 1611 wir erst ihre directe Forderung kennen, um so leichter
144 1620 465 1659 zu verstehen sein. —
229 1668 1197 1712 105. Der Uebergang in verbundene und nicht verbun¬
141 1731 1201 1779 dene Dreiklänge ist zwar hier nur vom Dreiklange der Tonica
144 1778 1199 1827 ausgehend betrachtet. Es wird aber in fortgesetzter Folge
142 1827 1201 1881 jeder Nebendreiklang auch in primärer Form zum Vorschein
141 1876 1194 1922 kommen können, wie z. B. in der Reihe C-e-G...C-e-a...
146 1931 1192 1986 C-F-a...D|Fa...D-F-h...D-G-h...e-G-h...e-G-C...e-a-C...
149 1987 1206 2035 F-a-C u. s. f., wo die Dreiklänge D|F-a, e-G-h, F-a-C, eben wie
141 2035 1206 2083 der tonische C-e-G, von dem die Reihe ausgeht, in erster Lage
144 2092 1196 2141 erscheinen; mithin kann auch jeder Nebenaccord als pri¬
