1444 2597
710 220 794 267 250
220 315 1283 364 in der metrisch — negativen oder Moll-Einheit folgt dem
223 371 568 419 Zweiten ein Erstes;
220 559 1280 603 dort tritt der Anfang, hier das Ende als die Hauptsache
219 611 1285 660 hervor. Man sieht, dass die erste Form das Einige, die
213 668 1111 707 zweite das Getrennt-Verbundene zum Inhalte hat.
442 756 1052 805 b) Im doppel-zweizeitigen Metrum.
301 835 1270 884 48. Nun kann aber im combinirten Metrum, in welchem
219 891 1276 931 das Ganze einer niederen Ordnung als Theil einer höheren
216 947 1276 987 enthalten ist, ein solches Paar der einen wie der anderen
224 996 1277 1044 Gattung wieder zum Gliede in einem Paare höherer Ord¬
213 1051 1270 1090 nung der einen oder anderen Gattung werden, und zwar
220 1100 1269 1148 das positive der niederen im positiven oder negativen der
217 1155 1277 1195 höheren, und ebenso das negative der niederen im nega¬
220 1204 1274 1251 tiven oder positiven der höheren. Dadurch entsteht, wenn
214 1259 1280 1306 wir das Zweizeitige als Glied im zweizeitigen Metrum
212 1315 990 1356 setzen, eine vierfach verschiedene Bildung:
346 1363 923 1419 A. a) das Positive im Positiven;
406 1419 927 1475 b) das Negative im Positiven;
343 1475 926 1523 B. a) das Positive im Negativen;
395 1524 932 1571 b) das Negative im Negativen.
296 1963 1277 2011 Der Hauptaccent wird, indem er das positiv am
212 2019 1277 2066 höchsten potenzirte Moment bezeichnen muss, bei solchen
206 2078 1280 2116 combinirten Formationen allezeit auf das accentuirte Glied
