1444 2597
734 233 796 276 12
232 321 1300 371 durch diese Bezeichnung anschaulich gemachten Unterschied
237 390 1292 435 der Terz- und Quinttöne in seiner Bedeutung für die Har¬
233 443 1298 476 monie wie mit dem Auge, so auch mit dem Gefühle zu
245 484 367 530 fassen.
331 532 1292 596 Was als harmonische Bestimmung in den drei In¬
239 587 1298 635 tervallen der Octav, Quint und Terz und ihren gegenseiti¬
243 644 1292 698 gen Beziehungen enthalten ist, das sehen wir in metri¬
244 706 1304 748 scher Bestimmung, der abstracten Bedeutung nach, als
238 749 1190 795 zwei-, drei- und viergliedrige Zeiteinheit sich bilden.
323 804 1294 844 Ebenso wiederholt sich der Gegensatz des musikali¬
232 866 1300 907 schen Dur- und Mollbegriffes, auf den hier, auch nur an¬
243 908 1295 954 deutungsweise, noch nicht weiter einzugehen ist, in metri¬
244 963 1296 1004 scher Bestimmung als arsisches und thetisches Metrum, als
246 1011 1300 1059 trochäischer und jambischer Rhythmus; wie auch die drei
237 1067 1300 1114 Bestimmungsmomente rhythmisch ebensowohl wie metrisch
233 1123 1297 1163 in jeder Weise wieder zur Erscheinung werden kommen
245 1180 382 1218 müssen.
330 1224 1296 1283 Der metrisch-rhythmische Gestaltungsprocess wird
236 1277 1297 1322 dann mit dem harmonisch-melodischen sich zu verbinden
246 1332 1289 1388 haben; wobei aber nicht eine Bestimmung des Einen noth¬
246 1396 1297 1443 wendig die correspondirende Bestimmung des Andern her¬
239 1435 1302 1491 vorruft, denn es kann dieselbe Harmonieenfolge metrisch
240 1499 1298 1540 verschiedenste Gestalt annehmen, wie dieselbe metrische
241 1540 1297 1586 Gestaltung sich auch harmonisch auf die verschiedenste
239 1595 1302 1643 Weise wird verkörpern können. Nur im Dissonanzmoment
242 1651 1292 1699 tritt eine engere Beziehung der metrischen mit der harmo¬
238 1708 684 1763 nischen Bestimmung ein.
331 1755 1301 1802 Wie die Gestaltungsverschiedenheit nun aber erst in
239 1813 1286 1867 jeder Sphäre an sich, in der harmonischen, wie in der me¬
239 1860 1291 1907 trischen, dann in der Combination beider Sphären eine un¬
237 1916 1293 1969 endliche sein muss, so wird man nicht erwarten wollen,
238 1971 1303 2018 dass für eine jede besondere mögliche Erscheinung hier eine
239 2026 1296 2067 theoretische Nachweisung erfolge; wenn aber der allgemeine
234 2076 1294 2131 Begriff den Gang der Bildungsweise überhaupt aufschliesst,
