1444 2597
736 236 823 283 318
241 331 1314 378 zeitig-metrischer Bedeutung besteht hier Ganzes und Theil
241 380 444 427 ineinander.
333 440 1310 483 111. Die ungleichzeitig—rhythmische Formation lässt
245 492 1307 532 dem Ganzen nach seinem Verlaufe die Hälfte dieses Ganzen
251 540 1306 587 folgen: sie setzt zeitlich nacheinander, was die gleich¬
249 595 1299 641 zeitig-metrische in räumlich-ruhender Bedeutung inein¬
241 650 1307 700 andergesetzt enthält. Es liegt Beidem derselbe Begriff
252 701 1297 754 zum Grunde, in seiner positiven und negativen Bedeutung,
251 755 1301 809 gesetzt und aufgehoben. Die rhythmische Bestimmung ist
251 808 1304 852 das Nichtzugleichsein des Zugleichseins in der metrischen:
248 859 1309 908 das Werden des zeitlichen Seins: das Zeitliche im
241 912 487 956 Zeitlichen.
331 963 1300 1010 112. Im metrisch -Dreizeitigen ist eine übergreifende
247 1020 1303 1059 Erweiterung. des Metrums entstanden. Die rhythmisch-
245 1081 1311 1124 ungleichzeitige Bestimmung lässt ein solches Augment nicht
251 1115 1300 1171 zu; denn sie geschieht innerhalb des metrisch-bestimmten
244 1171 1303 1219 Gliedes: das Glied muss hier an sich selbst das Ein und
244 1220 1296 1275 Andere der Bestimmung, und zwar nacheinander enthal¬
248 1284 1301 1323 ten; denn es ist eben hier die Folge, wie dort das Zu¬
248 1332 903 1387 gleichsein, das Wesen der Sache.
331 1386 1299 1429 113. In zeitlicher Gestaltung kann allerdings Alles und
241 1436 1299 1483 Jedes nur als Folge zur Erscheinung kommen. Wir haben
242 1491 1296 1539 aber schon von einem räumlich-Zeitlichen und einem
242 1547 1299 1587 zeitlich-Zeitlichen sprechen dürfen, wie auch im Raume
243 1596 1302 1644 ein zeitlich-Räumliches und ein räumlich-Räumliches zu
239 1651 1306 1691 nennen war; im Letzteren stellen wir uns die ruhende
242 1701 1304 1755 gleichzeitige Horizontalraumbestimmung vor, im Ersteren
242 1748 894 1811 progressive Verticalraumbestimmung.
322 1804 1288 1866 Wenn der Begriff einer räumlich gedachten Zeitbe¬
233 1869 1301 1915 stimmung nicht zu fassen wäre, so könnten wir überhaupt
232 1917 1294 1971 keine Vorstellung einer Zeitgestaltung haben; da doch immer
232 1972 1293 2011 nur ein Moment des Vorübergehenden wirklich gegenwär¬
235 2020 1292 2062 tig ist, das mit dem Vorausgegangenen und Nachfolgen
228 2075 1294 2114 den — also mit Etwas, das nicht mehr ist und Etwas, das
