1444 2597
629 227 712 270 155
137 315 1195 371 also zu dem Accorde D-fis|as-C, steht der sogenannte über¬
128 379 1195 427 mässige Dreiklang, es-G-h. In dem Systeme, aus des¬
137 436 1112 475 sen Grenzen dieser Septimenaccord sich verbindet, in
134 549 1186 602 bildet die Oberdominant der Tonart (G) in ihrer gleich¬
133 612 1197 659 zeitig positiv und negativ bestimmten Grundtonsbedeutung
142 660 1197 723 (in G-h und es-G) die Mitte. Wie im geschlossenen Sy¬
136 723 270 763 steme:
134 841 1199 896 die tonische Terz es ihre Fortschreitung nach den Grenzen D
141 899 1193 955 und F erhält, so wird die Dominant G sie dort nach fis und
142 962 1197 1003 as finden müssen, und ebenso wird für den übermässigen
136 1003 1192 1058 Dreiklang die Fortschreitung des Grundtones es nur nach D,
134 1070 1185 1115 der Quint h nur nach C führen können; so dass die Folge¬
142 1115 863 1163 beziehung es-G-h...D-fis|as-C sich ergibt.
224 1166 1200 1212 235. Die parallele Aufeinanderfolge zweier grosser
133 1222 1189 1275 Terzen, welche in der Fortschreitung einer grossen Se¬
142 1275 1193 1323 cund, in F-a..G-h, eine unvermittelte sein würde, zeigt
138 1323 1194 1379 sich hier vermittelt: es bildet die Folge G-h..as-C, und
136 1385 1196 1434 es-G..D-fis einen ganz zwanglosen Uebergang. Die Vermitt¬
136 1428 1198 1484 lung geschieht dadurch, dass der Uebergang G-h..as-C als
137 1482 1191 1531 G-h..G-C..as-C, der Uebergang es-G..D-fis als es-G..D-G..
136 1532 1192 1584 D-fis verständlich wird, als eine zusammengezogene dop¬
142 1595 1189 1652 pelte Fortschreitung, in welcher die Folge G-h..as-C ihr
138 1643 1186 1686 Vermittlungsmoment erst in G, dann in C, die Folge es-G.
140 1692 1194 1748 D-fis es erst in G, dann in D findet. Ein solches könnte
135 1747 1196 1803 aber bei der Fortschreitung F-a..G-h, als Folge von F-a..
145 1806 1194 1851 F-h..G-h in den Tönen F und h nicht zu suchen sein, in¬
142 1852 1007 1907 dem h zu F in keinem Einheitsverhältnisse steht.
220 1908 1199 1955 236. Der übermässige Dreiklang, den wir im Systeme
134 1954 1196 2010 der Molltonart in der organischen Construction desselben auf
136 2018 1195 2062 der tonischen Terz, in dem Systeme der Moll-Durtonart,
136 2067 1203 2116 in F-as-C-e-G-h-D, auf der Unterdominantterz finden, wird
