1444 2597
660 210 730 259 217
159 308 1221 354 kann nicht Beides zugleich thun; sie thut es aber nachein¬
152 360 1219 410 ander: sie lässt die Terz hören, vor- oder nachschlagend,
164 417 1226 460 ehe sie nach dem Grundtone geht. Sie wiederholt auch die
157 468 1221 514 nachschlagende Terz, und es entsteht damit der Triller auf
160 515 1227 563 der Oberdominantquint, diese durch so lange Zeit gebräuchlich
157 579 1227 627 gewesene Endverzierung der alten Arien und Solostücke jeder
164 628 1226 674 Art, die eben nicht ein willkührlicher Schmuck und eine
160 675 1219 722 Zeitmode allein, sondern mit der Art des Schlusses gege¬
158 731 1225 778 ben und in dieser eine natürliche Bedingung war. Wie
165 780 1218 842 der Triller auf diesem Tone seinen Ursprung und eigent¬
163 835 1221 884 lichen Sitz hat, so wird er zwar auch auf anderen Tönen
164 889 1223 939 vorkommen können; naturgemäss aber doch immer nur auf
158 944 1211 995 solchen, die eine doppelte melodische Fortschreitung auf-
161 1002 1224 1043 und abwärts zulassen. Der Vorschlagston enthält die
166 1051 1225 1104 erste, der zum Triller gehörende sogenannte Nachschlag
171 1100 1216 1147 die zweite. Die sechste und siebente Stufe des Mollton¬
167 1163 1220 1204 artsystemes werden den Triller nur dann zulassen, wenn
160 1211 1216 1251 beide die Uebergangsbeziehungen ausser den Grenzen des
160 1273 1226 1314 geschlossenen Molltonartsystemes aufsuchen, wie wir sie
164 1316 1222 1362 aus der Octav zu der kleinen Sext abwärts in der kleinen
160 1372 1227 1410 Septime, aus der Quint zu der grossen Septime aufwärts
165 1420 1223 1467 in der grossen Sext gefunden haben, die aber in einer
162 1476 1204 1522 Harmonie, welche beide Stufen nach ihrer Systemsbe¬
165 1531 1220 1571 stimmung verbunden enthält, nicht ohne Zwang in An¬
162 1581 1216 1628 spruch zu nehmen ist. — So wird beim verminder¬
168 1635 1227 1683 ten Septimenaccorde ein Triller so wenig auf dessen
165 1684 1216 1731 Grundtone, wie auf dessen Septime sich natürlich erwei¬
165 1739 1216 1795 sen; jenem fehlt der Nachschlag, dieser der Vorschlag,
159 1795 1214 1850 jener hat die übermässige Secund unter sich, diese hat die¬
158 1843 451 1891 selbe über sich.
251 1899 1221 1947 319. Dem Schlusse aus einem der Dominantdreiklänge
159 1955 1222 2003 auf den tonischen, steht der Schluss aus der Tonica auf
163 2004 1225 2051 einen der Dominantdreiklänge entgegen. Mit jenem wird
164 2060 1226 2107 ein Ganzes oder der Hauptabschnitt des Ganzen, der für
