1444 2597
691 234 737 280 7
186 324 1243 371 mathematischer Bestimmtheit gegeben und aufgefasst. Es
186 380 1231 427 erfordert einen geübten Blick, die Richtigkeit optischer Be¬
185 428 1227 474 stimmungen und Verhältnisse zu beurtheilen; für die aku¬
184 490 1233 532 stischen ist jedes gesunde Ohr ein untrüglicher Richter.
187 539 1235 579 Um über die Reinheit der musikalischen Intervalle zu ur¬
187 588 1229 635 theilen, bedarf es keiner technischen Virtuosität; das Ge¬
184 646 1249 691 fühl dafür ist uns angeboren, es ist mit der Natur des
181 691 936 739 menschlich-vernünftigen Daseins gegeben.
279 748 1239 794 Was musikalisch unzulässig ist, das ist es nicht aus dem
183 806 1243 858 Grunde, weil es einer vom Musiker bestimmten Regel entgegen,
188 852 1226 899 sondern weil es einem, dem Musiker vom Menschen gegebe¬
186 916 1243 964 nen, natürlichen Gesetz zuwider, weil es logisch unwahr, von
189 955 1239 1003 innerem Widerspruche ist. Der musikalische Fehler ist ein
181 1012 1239 1057 logischer Fehler, ein Fehler für den allgemeinen Menschen¬
181 1060 1239 1107 sinn, nicht für einen musikalischen Sinn insbesondere. Die
179 1116 1245 1163 Regeln des musikalischen Satzes auf ihre wesentliche Be¬
186 1171 1236 1211 deutung zurückgeführt, sind nur die Regeln für das gemein
186 1220 1237 1266 Verständliche überhaupt und sind in dieser Bedeutung von
189 1275 1243 1323 einem Jeden zu fassen, da sie nur Allbekanntes in ihm an¬
178 1332 354 1387 sprechen.
273 1379 1235 1434 Der Begriff eines künstlichen Tonsystemes ist ein durch¬
185 1440 1235 1492 aus nichtiger. Die Musiker haben ebensowenig Intervalle
185 1491 1242 1539 bestimmen und ein Tonsystem erfinden können, als die
185 1540 1234 1588 Sprachgelehrten die Worte der Sprache, mit der sie spre¬
185 1602 1230 1652 chen und die Satzfügung, in der sie die Satzfügung erklä¬
185 1644 1243 1697 ren, erfunden haben: sie sprechen mit der Sprache, die
182 1709 1238 1748 der allgemeine Menschensinn macht. Wie aber die Rede nicht
186 1756 1228 1803 in zusammengesetzten Worten, sondern in auseinander ge¬
185 1806 1238 1858 setzten besteht, die im Gedanken Eins sind, so ist auch der
186 1860 1233 1907 musikalische Ausdruck, der sich in Folge und Zusammen¬
187 1913 1241 1964 klang in Tönen auseinander setzt, nur Eins im Inhalte des
185 1970 1230 2011 auszusprechenden musikalischen Gedankens: seine Einzel¬
187 2026 1239 2068 momente sind nur Glieder einer organischen Einheit. Von
185 2084 1243 2123 conventionellen Bestimmungen für Accorde, für die Einrich¬
