<?xml version="1.0" encoding="UTF-8" standalone="yes"?>
<PcGts xmlns="http://schema.primaresearch.org/PAGE/gts/pagecontent/2013-07-15" xmlns:xsi="http://www.w3.org/2001/XMLSchema-instance" xsi:schemaLocation="http://schema.primaresearch.org/PAGE/gts/pagecontent/2013-07-15 http://schema.primaresearch.org/PAGE/gts/pagecontent/2013-07-15/pagecontent.xsd">
    <Metadata>
        <Creator>prov=University of Rostock/Institute of Mathematics/CITlab|PLANET AI GmbH/Gundram Leifert/gundram.leifert@planet-ai.de:name=ONB_Newseye_GT_M1+(htr_id=10810)::::v=2.6.7
prov=University of Rostock/Institute of Mathematics/CITlab|PLANET AI GmbH/Tobias Gruening/tobias.gruening@planet-ai.de:name=de.uros.citlab.module.baseline2polygon.B2PSeamMultiOriented:v=2.6.7
prov=University of Rostock/Institute of Mathematics/CITlab|PLANET AI GmbH/Tobias Gruening/tobias.gruening@planet-ai.de:name=/net_tf/LA73_249_0mod360.pb:de.uros.citlab.segmentation.CITlab_LA_ML:v=2.6.6
Transkribus</Creator>
        <Created>2021-02-02T15:22:39.900+01:00</Created>
        <LastChange>2021-03-20T18:10:18.248+01:00</LastChange>
        <TranskribusMetadata docId="764523" pageId="28719218" pageNr="294" tsid="63342348" status="NEW" userId="74363" imgUrl="https://files.transkribus.eu/Get?id=KPVYURFIHGFGCZOLQVVILARR&amp;fileType=view" xmlUrl="https://files.transkribus.eu/Get?id=NNKHOFDQDZDAUXNQOHZZQGCZ" imageId="22439723"/>
    </Metadata>
    <Page imageFilename="Hauptmann1853-0303.jpg" imageWidth="1444" imageHeight="2597" type="content">
        <ReadingOrder>
            <OrderedGroup id="ro_1630597190288" caption="Regions reading order">
                <RegionRefIndexed index="0" regionRef="TextRegion_1612732465799_4954"/>
                <RegionRefIndexed index="1" regionRef="TextRegion_1612732465799_4953"/>
                <RegionRefIndexed index="2" regionRef="TextRegion_1612732460334_4949"/>
                <RegionRefIndexed index="3" regionRef="TextRegion_1612732450932_4945"/>
                <RegionRefIndexed index="5" regionRef="TextRegion_1612732494065_4966"/>
            </OrderedGroup>
        </ReadingOrder>
        <TextRegion orientation="0.0" type="page-number" id="TextRegion_1612732465799_4954" custom="readingOrder {index:0;} structure {type:page-number;}">
            <Coords points="186,252 1251,252 1251,304 186,304"/>
            <TextLine id="r1l1" custom="readingOrder {index:0;}">
                <Coords points="685,287 694,288 698,284 705,287 710,284 713,287 717,283 726,285 738,282 752,284 770,279 770,253 761,252 753,244 686,244"/>
                <Baseline points="691,278 727,277 763,280"/>
                <TextEquiv>
                    <Unicode>284</Unicode>
                </TextEquiv>
            </TextLine>
            <TextEquiv>
                <Unicode>284</Unicode>
            </TextEquiv>
        </TextRegion>
        <TextRegion orientation="0.0" type="paragraph" id="TextRegion_1612732465799_4953" custom="readingOrder {index:1;}">
            <Coords points="186,304 1251,304 1251,817 186,817"/>
            <TextLine id="r1l2" custom="readingOrder {index:0;}">
                <Coords points="193,379 1257,379 1257,346 1200,332 193,336"/>
                <Baseline points="200,369 252,369 305,370 357,370 410,371 462,371 515,371 567,371 620,371 672,371 725,371 778,371 830,371 883,371 935,371 988,371 1040,371 1093,371 1145,371 1198,371 1251,370"/>
                <TextEquiv>
                    <Unicode>der Doppelbedeutung des zweiten Gliedes. Wenn sich diese</Unicode>
                </TextEquiv>
            </TextLine>
            <TextLine id="r1l3" custom="readingOrder {index:1;}">
                <Coords points="200,434 1251,435 1251,396 1187,387 200,396"/>
                <Baseline points="206,423 257,423 309,423 361,424 413,424 465,424 517,424 569,425 621,425 673,425 725,425 776,425 828,425 880,425 932,425 984,425 1036,425 1088,424 1140,424 1192,423 1244,422"/>
                <TextEquiv>
                    <Unicode>acht Accentformen aber den vier doppel-zweizeitigen</Unicode>
                </TextEquiv>
            </TextLine>
            <TextLine id="r1l4" custom="readingOrder {index:2;}">
                <Coords points="196,499 1252,482 1252,450 196,451"/>
                <Baseline points="203,476 255,476 307,476 359,476 411,477 463,477 515,477 568,478 620,478 672,478 724,479 776,479 828,479 880,479 933,478 985,478 1037,478 1089,477 1141,476 1193,475 1246,473"/>
                <TextEquiv>
                    <Unicode>gleichlautend erweisen sollen, so muss die Zahl derselben</Unicode>
                </TextEquiv>
            </TextLine>
            <TextLine id="r1l5" custom="readingOrder {index:3;}">
                <Coords points="200,539 1244,539 1255,500 200,502"/>
                <Baseline points="206,529 258,529 310,530 362,530 414,531 466,531 518,531 570,531 622,531 674,531 727,531 779,531 831,531 883,531 935,531 987,531 1039,530 1091,530 1143,530 1195,529 1248,529"/>
                <TextEquiv>
                    <Unicode>auf ihre Hälfte zu reduciren sein. Es findet sich aber auch</Unicode>
                </TextEquiv>
            </TextLine>
            <TextLine id="r1l6" custom="readingOrder {index:4;}">
                <Coords points="193,593 1114,603 1253,594 1253,553 193,555"/>
                <Baseline points="200,580 252,581 304,582 356,583 409,584 461,584 513,585 566,585 618,585 670,585 723,585 775,585 827,585 879,585 932,585 984,584 1036,584 1089,583 1141,583 1193,582 1246,581"/>
                <TextEquiv>
                    <Unicode>darin der Accent 2, gleich den Accenten 4 und 8, ferner</Unicode>
                </TextEquiv>
            </TextLine>
            <TextLine id="r1l7" custom="readingOrder {index:5;}">
                <Coords points="195,642 1247,642 1247,611 1198,604 195,609"/>
                <Baseline points="201,635 253,635 305,636 357,636 409,637 461,637 513,637 565,638 617,638 669,638 721,638 773,638 825,638 877,637 929,637 981,637 1033,637 1085,636 1137,636 1189,635 1241,635"/>
                <TextEquiv>
                    <Unicode>der Accent 3, gleich den Accenten 5 und 7; mithin fallen</Unicode>
                </TextEquiv>
            </TextLine>
            <TextLine id="r1l8" custom="readingOrder {index:6;}">
                <Coords points="196,699 1251,708 1229,659 516,681 196,652"/>
                <Baseline points="202,687 254,688 306,688 358,689 410,689 462,690 514,690 566,690 618,690 670,690 723,690 775,690 827,690 879,690 931,690 983,690 1035,690 1087,690 1139,690 1191,690 1244,690"/>
                <TextEquiv>
                    <Unicode>die Nummern 4, 5, 7 und 8 als Wiederholungen aus,</Unicode>
                </TextEquiv>
            </TextLine>
            <TextLine id="r1l9" custom="readingOrder {index:7;}">
                <Coords points="195,754 1129,763 1241,751 1241,710 195,715"/>
                <Baseline points="201,740 252,741 304,742 355,743 407,743 459,744 510,744 562,744 614,744 665,744 717,744 769,744 820,744 872,744 924,743 975,743 1027,743 1079,742 1130,742 1182,741 1234,741"/>
                <TextEquiv>
                    <Unicode>und es bleiben die Betonungen 1, 2, 3 und 6 übrig, ent¬</Unicode>
                </TextEquiv>
            </TextLine>
            <TextLine id="r1l10" custom="readingOrder {index:8;}">
                <Coords points="200,804 1089,801 1089,774 1040,756 923,779 200,772"/>
                <Baseline points="206,794 249,794 293,795 337,795 381,795 425,796 469,796 512,796 556,797 600,797 644,797 688,797 732,797 776,797 819,797 863,797 907,797 951,796 995,796 1039,795 1083,795"/>
                <TextEquiv>
                    <Unicode>sprechend den doppel-zweizeitigen 1, 2, 3 und 4.</Unicode>
                </TextEquiv>
            </TextLine>
            <TextEquiv>
                <Unicode>der Doppelbedeutung des zweiten Gliedes. Wenn sich diese&#13;
acht Accentformen aber den vier doppel-zweizeitigen&#13;
gleichlautend erweisen sollen, so muss die Zahl derselben&#13;
auf ihre Hälfte zu reduciren sein. Es findet sich aber auch&#13;
darin der Accent 2, gleich den Accenten 4 und 8, ferner&#13;
der Accent 3, gleich den Accenten 5 und 7; mithin fallen&#13;
die Nummern 4, 5, 7 und 8 als Wiederholungen aus,&#13;
und es bleiben die Betonungen 1, 2, 3 und 6 übrig, ent¬&#13;
sprechend den doppel-zweizeitigen 1, 2, 3 und 4.</Unicode>
            </TextEquiv>
        </TextRegion>
        <TextRegion orientation="0.0" type="paragraph" id="TextRegion_1612732460334_4949" custom="readingOrder {index:2;}">
            <Coords points="186,817 1251,817 1251,1500 186,1500"/>
            <TextLine id="r1l11" custom="readingOrder {index:0;}">
                <Coords points="281,859 1239,858 1239,818 1134,812 281,813"/>
                <Baseline points="287,848 334,848 381,848 428,848 476,848 523,848 570,849 618,849 665,849 712,849 760,850 807,850 854,850 901,850 949,850 996,849 1043,849 1091,848 1138,848 1185,847 1233,846"/>
                <TextEquiv>
                    <Unicode>Ebenso ist die vierte Gruppe der vierzeitigen Accent¬</Unicode>
                </TextEquiv>
            </TextLine>
            <TextLine id="r1l12" custom="readingOrder {index:1;}">
                <Coords points="200,908 1254,906 1253,875 1208,868 200,868"/>
                <Baseline points="206,900 258,900 310,901 362,902 414,902 466,902 518,903 570,903 622,903 674,903 726,903 778,903 830,903 882,902 934,902 986,902 1038,901 1090,901 1142,900 1194,899 1247,898"/>
                <TextEquiv>
                    <Unicode>formen (S. 282) wieder ohne Doppelbestimmung des zweiten</Unicode>
                </TextEquiv>
            </TextLine>
            <TextLine id="r1l13" custom="readingOrder {index:2;}">
                <Coords points="201,962 1252,962 1252,924 1088,916 417,916 349,942 201,916"/>
                <Baseline points="208,953 259,954 311,954 363,955 415,955 467,955 519,956 571,956 623,956 675,956 727,955 778,955 830,955 882,955 934,955 986,954 1038,954 1090,954 1142,954 1194,953 1246,953"/>
                <TextEquiv>
                    <Unicode>Gliedes, und darum, wie die zweite eben besprochene, nur</Unicode>
                </TextEquiv>
            </TextLine>
            <TextLine id="r1l14" custom="readingOrder {index:3;}">
                <Coords points="196,1019 1253,1018 1231,972 904,972 877,998 196,974"/>
                <Baseline points="202,1004 254,1005 306,1006 358,1007 410,1008 463,1008 515,1009 567,1009 619,1009 671,1010 724,1010 776,1009 828,1009 880,1009 932,1009 985,1008 1037,1008 1089,1007 1141,1006 1193,1006 1246,1005"/>
                <TextEquiv>
                    <Unicode>doppel-zweizeitig in der Betonung. Auch hier sind die</Unicode>
                </TextEquiv>
            </TextLine>
            <TextLine id="r1l15" custom="readingOrder {index:4;}">
                <Coords points="196,1067 1256,1065 1244,1027 1017,1051 649,1028 615,1053 196,1022"/>
                <Baseline points="203,1058 255,1059 307,1060 360,1060 412,1061 464,1062 517,1062 569,1062 621,1063 674,1063 726,1063 778,1063 831,1063 883,1062 935,1062 988,1061 1040,1061 1092,1060 1145,1059 1197,1057 1250,1056"/>
                <TextEquiv>
                    <Unicode>Accentaeusserungen 2, 4 und 6 sich gleich, ebenso 3, 5</Unicode>
                </TextEquiv>
            </TextLine>
            <TextLine id="r1l16" custom="readingOrder {index:5;}">
                <Coords points="201,1122 1204,1131 1257,1122 1257,1077 201,1090"/>
                <Baseline points="207,1113 259,1113 311,1114 363,1114 415,1115 467,1115 519,1115 572,1115 624,1116 676,1116 728,1116 780,1116 832,1116 884,1115 937,1115 989,1115 1041,1114 1093,1113 1145,1112 1197,1111 1250,1110"/>
                <TextEquiv>
                    <Unicode>und 7. Der hier zu bemerkende Unterschied, dass 2, 3</Unicode>
                </TextEquiv>
            </TextLine>
            <TextLine id="r1l17" custom="readingOrder {index:6;}">
                <Coords points="193,1179 1199,1188 1240,1138 193,1140"/>
                <Baseline points="200,1165 251,1166 303,1167 355,1167 406,1168 458,1168 510,1168 561,1168 613,1168 665,1168 717,1168 768,1168 820,1168 872,1168 923,1168 975,1167 1027,1167 1078,1166 1130,1166 1182,1165 1234,1165"/>
                <TextEquiv>
                    <Unicode>und 7 den Nebenaccent als einfache Gliedbetonung tragen,</Unicode>
                </TextEquiv>
            </TextLine>
            <TextLine id="r1l18" custom="readingOrder {index:7;}">
                <Coords points="201,1227 1244,1223 1231,1188 201,1189"/>
                <Baseline points="207,1216 258,1217 310,1218 361,1219 413,1220 464,1220 516,1221 567,1221 619,1221 670,1221 722,1221 773,1221 825,1221 876,1221 928,1220 979,1220 1031,1220 1082,1219 1134,1218 1185,1218 1237,1217"/>
                <TextEquiv>
                    <Unicode>4, 5 und 6 dafür an diesen Stellen den Paaresaccent ent¬</Unicode>
                </TextEquiv>
            </TextLine>
            <TextLine id="r1l19" custom="readingOrder {index:8;}">
                <Coords points="193,1284 1249,1283 1249,1236 345,1235 321,1259 193,1236"/>
                <Baseline points="200,1271 252,1272 304,1272 356,1273 408,1273 460,1273 512,1273 564,1274 616,1274 668,1274 721,1274 773,1273 825,1273 877,1273 929,1272 981,1272 1033,1271 1085,1271 1137,1270 1189,1269 1242,1269"/>
                <TextEquiv>
                    <Unicode>halten, ist kein in die Wirkung übergehender; indem bei</Unicode>
                </TextEquiv>
            </TextLine>
            <TextLine id="r1l20" custom="readingOrder {index:9;}">
                <Coords points="200,1339 1248,1329 1231,1292 200,1291"/>
                <Baseline points="206,1324 257,1325 309,1325 361,1326 413,1326 465,1326 516,1326 568,1326 620,1326 672,1326 724,1326 775,1326 827,1325 879,1325 931,1325 983,1324 1034,1324 1086,1323 1138,1323 1190,1322 1242,1322"/>
                <TextEquiv>
                    <Unicode>diesem Metrum überhaupt nur eine zweifach nüancirte</Unicode>
                </TextEquiv>
            </TextLine>
            <TextLine id="r1l21" custom="readingOrder {index:10;}">
                <Coords points="198,1387 1245,1379 1201,1339 1164,1366 1118,1339 968,1365 639,1340 565,1367 198,1341"/>
                <Baseline points="204,1377 255,1377 307,1377 359,1377 410,1377 462,1378 514,1378 565,1378 617,1378 669,1379 721,1379 772,1379 824,1379 876,1379 927,1378 979,1378 1031,1377 1082,1377 1134,1376 1186,1374 1238,1373"/>
                <TextEquiv>
                    <Unicode>Betonung als Haupt- und als Nebenaccent stattfindet. So¬</Unicode>
                </TextEquiv>
            </TextLine>
            <TextLine id="r1l22" custom="readingOrder {index:11;}">
                <Coords points="189,1438 1248,1428 1182,1395 189,1404"/>
                <Baseline points="196,1430 248,1431 300,1431 352,1431 405,1431 457,1431 509,1431 562,1432 614,1432 666,1432 719,1432 771,1432 823,1432 875,1431 928,1431 980,1431 1032,1430 1085,1429 1137,1428 1189,1428 1242,1426"/>
                <TextEquiv>
                    <Unicode>nach reduciren sich auch diese acht Betonungsweisen aber¬</Unicode>
                </TextEquiv>
            </TextLine>
            <TextLine id="r1l23" custom="readingOrder {index:12;}">
                <Coords points="193,1490 1024,1492 1024,1461 991,1452 193,1462"/>
                <Baseline points="199,1484 242,1483 285,1483 328,1483 371,1483 414,1484 457,1484 500,1484 543,1484 586,1484 630,1485 673,1485 716,1485 759,1485 802,1485 845,1486 888,1486 931,1486 974,1485 1018,1485"/>
                <TextEquiv>
                    <Unicode>mals auf die vier doppel-zweizeitigen Accente.</Unicode>
                </TextEquiv>
            </TextLine>
            <TextEquiv>
                <Unicode>Ebenso ist die vierte Gruppe der vierzeitigen Accent¬&#13;
formen (S. 282) wieder ohne Doppelbestimmung des zweiten&#13;
Gliedes, und darum, wie die zweite eben besprochene, nur&#13;
doppel-zweizeitig in der Betonung. Auch hier sind die&#13;
Accentaeusserungen 2, 4 und 6 sich gleich, ebenso 3, 5&#13;
und 7. Der hier zu bemerkende Unterschied, dass 2, 3&#13;
und 7 den Nebenaccent als einfache Gliedbetonung tragen,&#13;
4, 5 und 6 dafür an diesen Stellen den Paaresaccent ent¬&#13;
halten, ist kein in die Wirkung übergehender; indem bei&#13;
diesem Metrum überhaupt nur eine zweifach nüancirte&#13;
Betonung als Haupt- und als Nebenaccent stattfindet. So¬&#13;
nach reduciren sich auch diese acht Betonungsweisen aber¬&#13;
mals auf die vier doppel-zweizeitigen Accente.</Unicode>
            </TextEquiv>
        </TextRegion>
        <TextRegion orientation="0.0" id="TextRegion_1612732450932_4945" custom="readingOrder {index:3;} structure {type:paragraph-continued;}">
            <Coords points="186,1500 1251,1500 1251,1881 186,1881"/>
            <TextLine id="r1l24" custom="readingOrder {index:0;}">
                <Coords points="280,1547 1249,1556 1229,1500 280,1500"/>
                <Baseline points="286,1535 333,1535 381,1536 429,1536 477,1536 525,1537 572,1537 620,1537 668,1537 716,1537 764,1538 811,1538 859,1538 907,1538 955,1538 1003,1537 1050,1537 1098,1537 1146,1537 1194,1536 1242,1536"/>
                <TextEquiv>
                    <Unicode>In der dritten Gruppe vierzeitiger Accente (S. 281),</Unicode>
                </TextEquiv>
            </TextLine>
            <TextLine id="r1l25" custom="readingOrder {index:1;}">
                <Coords points="193,1603 1252,1611 1252,1562 193,1558"/>
                <Baseline points="200,1587 252,1588 304,1589 356,1590 409,1591 461,1591 513,1592 566,1592 618,1592 670,1592 723,1591 775,1591 827,1591 879,1590 932,1590 984,1589 1036,1589 1089,1589 1141,1589 1193,1589 1246,1589"/>
                <TextEquiv>
                    <Unicode>bei welcher das zweite zweizeitige Glied die Bestimmung</Unicode>
                </TextEquiv>
            </TextLine>
            <TextLine id="r1l26" custom="readingOrder {index:2;}">
                <Coords points="195,1652 1222,1651 1245,1616 195,1621"/>
                <Baseline points="202,1642 253,1642 305,1643 357,1643 409,1644 461,1644 512,1644 564,1644 616,1645 668,1645 720,1645 771,1645 823,1644 875,1644 927,1644 979,1643 1030,1643 1082,1642 1134,1641 1186,1640 1238,1639"/>
                <TextEquiv>
                    <Unicode>wechselt, die in den vorhergehenden Formationen unver¬</Unicode>
                </TextEquiv>
            </TextLine>
            <TextLine id="r1l27" custom="readingOrder {index:3;}">
                <Coords points="195,1707 1246,1707 1257,1667 195,1669"/>
                <Baseline points="201,1695 253,1695 305,1696 358,1696 410,1696 463,1696 515,1696 568,1696 620,1697 673,1697 725,1697 777,1697 830,1697 882,1696 935,1696 987,1696 1040,1695 1092,1695 1145,1694 1197,1693 1250,1692"/>
                <TextEquiv>
                    <Unicode>ändert blieb, gewahren wir eine stufenweis ab- oder</Unicode>
                </TextEquiv>
            </TextLine>
            <TextLine id="r1l28" custom="readingOrder {index:4;}">
                <Coords points="190,1761 1250,1747 1053,1715 816,1741 190,1723"/>
                <Baseline points="197,1749 249,1749 301,1750 354,1750 406,1750 458,1750 511,1751 563,1751 615,1751 668,1751 720,1751 772,1751 825,1750 877,1750 929,1750 982,1749 1034,1749 1086,1748 1139,1747 1191,1747 1244,1746"/>
                <TextEquiv>
                    <Unicode>zunehmende Folge von Accenten, wie sie allein nur un¬</Unicode>
                </TextEquiv>
            </TextLine>
            <TextLine id="r1l29" custom="readingOrder {index:5;}">
                <Coords points="185,1803 1175,1819 1256,1808 1256,1764 185,1776"/>
                <Baseline points="191,1802 243,1803 296,1803 349,1803 402,1803 455,1804 508,1804 561,1804 614,1804 667,1804 720,1804 772,1804 825,1804 878,1804 931,1804 984,1803 1037,1803 1090,1802 1143,1802 1196,1801 1249,1801"/>
                <TextEquiv>
                    <Unicode>ter den hier gegebenen Bedingungen entstehen kann; bei</Unicode>
                </TextEquiv>
            </TextLine>
            <TextLine id="r1l30" custom="readingOrder {index:6;}">
                <Coords points="183,1874 1235,1863 1235,1833 1132,1819 924,1845 183,1833"/>
                <Baseline points="189,1857 243,1857 298,1857 353,1857 407,1857 462,1857 517,1857 571,1857 626,1858 681,1858 735,1858 790,1858 845,1858 899,1858 954,1857 1009,1857 1063,1857 1118,1856 1173,1856 1228,1855"/>
                <TextEquiv>
                    <Unicode>positiver Beschaffenheit aller Ordnungen, die Accentfolge:</Unicode>
                </TextEquiv>
            </TextLine>
            <TextEquiv>
                <Unicode>In der dritten Gruppe vierzeitiger Accente (S. 281),
bei welcher das zweite zweizeitige Glied die Bestimmung
wechselt, die in den vorhergehenden Formationen unver¬
ändert blieb, gewahren wir eine stufenweis ab- oder
zunehmende Folge von Accenten, wie sie allein nur un¬
ter den hier gegebenen Bedingungen entstehen kann; bei
positiver Beschaffenheit aller Ordnungen, die Accentfolge:</Unicode>
            </TextEquiv>
        </TextRegion>
        <MusicRegion id="Music_1612732545546_4981" custom="readingOrder {index:4;} structure {type:floating;}">
            <Coords points="457,1881 1251,1881 1251,2023 457,2023"/>
        </MusicRegion>
        <TextRegion orientation="0.0" id="TextRegion_1612732494065_4966" custom="readingOrder {index:5;} structure {type:paragraph-continued;}">
            <Coords points="186,1881 457,1881 457,2180 186,2180"/>
            <TextLine id="r1l34" custom="readingOrder {index:0;}">
                <Coords points="179,2106 295,2107 309,2115 450,2103 450,2068 376,2068 368,2060 321,2069 257,2068 243,2059 179,2065"/>
                <Baseline points="186,2094 211,2095 237,2095 263,2096 289,2096 315,2096 340,2096 366,2096 392,2096 418,2096 444,2095"/>
                <TextEquiv>
                    <Unicode>bei negativer:</Unicode>
                </TextEquiv>
            </TextLine>
            <TextEquiv>
                <Unicode>bei negativer:</Unicode>
            </TextEquiv>
        </TextRegion>
        <MusicRegion id="Music_1612732580926_5001" custom="readingOrder {index:6;} structure {type:floating;}">
            <Coords points="457,2023 1251,2023 1251,2180 457,2180"/>
        </MusicRegion>
    </Page>
</PcGts>
