1444 2597
711 236 768 280 40
195 323 1268 366 Dreiklangsreihe des Molltonart-Begriffes den positiven Drei¬
204 379 919 428 klang G-h-D als Mitte setzen, wie folgt:
289 600 1268 637 So wenig diese Moll-Durtonart einem Tonstücke
211 645 1267 691 förmlich zu Grunde gelegt zu werden pflegt, so erscheint sie
214 700 1271 747 doch im Laufe eines solchen nicht selten angewendet; häu¬
213 756 1275 796 figer noch im sentimentalen Genre der modernen Musik als
209 803 1265 852 in der älteren. Wo der verminderte Septimenaccord sich in
205 868 1269 915 den Durdreiklang als Tonica auflöst, da ist dieses Tonsystem
211 915 1264 954 vorhanden, und zwar ist es dann eben in den Tönen dieser
212 963 1261 1018 beiden Accorde in seinem ganzen Umfange enthalten. Ebenso,
211 1020 1265 1067 seinem Hauptinhalte nach, bei dem Plagalschlusse aus dem
207 1076 1269 1115 Molldreiklange der Unterdominant nach dem Durdreiklange
209 1125 1255 1171 der Tonica. Den verminderten Dreiklang der zweiten Stufe
217 1180 1268 1236 einen übermässigen Dreiklang und übermässigen Sextaccord,
213 1228 1273 1275 hat diese Tonart mit der Molltonart gemein, ohne dass diese
217 1283 1270 1332 Accorde sich hier auf einen Molldreiklang als tonischen
215 1339 383 1388 beziehen.
299 1396 1271 1435 44. — Indem wir hier vom verminderten Septimen¬
213 1452 1268 1491 accorde, vom übermässigen Sextaccorde, auch von andern
217 1499 1267 1545 Intervallen als den zuerstgenannten und erklärten spre¬
221 1556 1269 1594 chen, so geschieht es in Voraussetzung der praktischen
212 1603 1272 1659 Kenntniss jener Accorde und Intervalle, nach ihrer Wirkung
220 1661 1266 1716 und äusseren Beschaffenheit. Wie sie sich zu dem Begriffe
212 1715 1270 1755 der Tonart verhalten, konnte bis jetzt, da noch allein
219 1772 1272 1819 von consonanten Formationen die Rede war, nicht zur
217 1819 1272 1867 Erläuterung kommen. Es sind aber gleich vom Anfange nur
217 1875 1274 1923 drei direct verständliche Intervalle genannt, und ist von
219 1925 1271 1979 ihnen gesagt worden, sie seien unveränderlich, nämlich
211 1980 1264 2026 nicht zu erhöhen und zu vertiefen. Die Erklärung der Be¬
217 2043 1277 2090 griffe, welche durch die Klangverhältnisse dieser Intervalle
211 2098 1276 2147 ausgesprochen sind, muss den Beweis des Gesagten führen:
