1444 2597
688 242 726 285 5
255 339 1236 387 Jenen ersten verlassenen Anfang in einem Sinne zu
175 381 1229 444 fassen und darzustellen, dass er wirklicher Anfang werde,
181 438 1227 485 der dahin leitet, wo die praktische Harmonie- und Compo¬
180 492 1236 540 sitionslehre ihren Anfang nimmt, und der als wirklicher
177 545 1235 594 Anfang auch fortwirkend in jeder Weiterbildung nur eine
180 598 1241 650 Entfaltung oder eine Weiterverzweigung seiner selbst ist
176 652 1227 695 und erkennen lassen muss, das ist der Zweck des gegen¬
173 699 537 755 wärtigen Versuches.
253 755 1231 804 Der Inhalt dieses Buches kommt mit keiner praktischen
177 804 1231 858 Compositionslehre wesentlich in Collision, sofern diese nicht
169 860 1232 915 Unrichtiges lehrt. Noch weniger aber darf er mit dem
177 916 1235 963 collidiren, was dem gesunden Menschensinne musikalisch
171 971 1237 1019 gesund und natürlich erscheint, mit dem, was wir, wenn
175 1021 1231 1067 auch nicht immer und überall in den Regeln der Lehrbücher
169 1076 1236 1122 für die Composition, doch in den gesunden Compositionen
175 1123 871 1172 selbst immer und überall wiederfinden.
263 1179 1232 1235 Alles theoretisch bereits Nachgewiesene und praktisch
174 1236 1235 1283 Bestätigte der physikalischen Klang- und Intervallen-Lehre
178 1285 1224 1330 wird hier als bekannt vorausgesetzt werden. Ebenso müs¬
170 1339 1220 1387 sen wir auch die Kenntniss des gesammten praktischen Mu¬
168 1395 1223 1437 sikgebietes im Ganzen und in seinen einzelnen Theilen vor¬
170 1455 1224 1492 aussetzen dürfen: die praktische Kenntniss der Harmonie
168 1500 1225 1544 und Metrik, Beider nach allen Momenten ihres äusseren Er¬
168 1558 1216 1610 scheinens, sowie die Kenntniss der gebräuchlichen techni¬
174 1604 1224 1659 schen Benennungen für alle in diese Gebiete einschlagen¬
174 1660 1229 1707 den Gegenstände; denn es ist die Absicht nicht, eine Unter¬
178 1706 1225 1756 weisung in diesen Dingen, ihrem äusseren Vorkommen und
169 1764 1228 1811 ihrer künstlerischen Anwendung nach, oder für dieselbe hier
174 1819 1218 1875 geben zu wollen, — wir haben für diesen Zweck an den ver¬
170 1867 1229 1916 schiedenartigsten mehr oder minder guten und gründlichen
175 1924 1223 1971 Werken keinen Mangel — sondern vielmehr ist die Absicht, eine
170 1980 1226 2019 natürliche Begründung des harmonisch-metrisch Gesetzmäs¬
169 2029 1222 2075 sigen zu suchen, das Princip, aus welchem die mannigfaltigen
170 2084 1222 2123 Aeusserungen nach allen Seiten als von innen heraus bestimmte
