1444 2597
719 219 788 268 34
229 340 1294 412 oder zusammengezogen $$MATH zu setzen sein; ein Aus¬
224 418 1295 464 druck, in welchem wir die Verhältnisszahlen des Durdrei¬
223 474 1290 571 klanges, der sich mit $$MATH bezeichnen lässt, in ent¬
227 586 1289 628 gegengesetzter Ordnung wieder erhalten, so wie beide gegen
235 627 1293 700 einander auch als positive und negative Potenz auszudrücken
230 682 685 740 sein würden, denn es ist
312 947 1290 996 34. So wird die wesentliche Bedeutung des Molldrei¬
225 1003 1295 1053 klanges, unter jeder Art des Ausdruckes, wenn dieser selbst
231 1059 1294 1100 auf den wesentlichen Inhalt zurückgeführt wird, zum
233 1108 1297 1155 Vorschein kommen müssen. Wir verlassen aber gern hiermit
232 1163 1285 1210 diese Bezeichnung durch Zahlen wieder, die zwar ein interes¬
229 1220 1287 1259 santes Combinationsspiel gewähren, aber für die Natur der
227 1267 1291 1323 Sache keinen näheren Aufschluss bieten und den Begriff
233 1323 1283 1371 nicht erleichtern, ihn vielmehr immer nur verhüllt darstel¬
227 1379 1292 1420 len kann, denn dieser ist in weit einfacheren und directeren
232 1427 1276 1476 Bestimmungen enthalten, den allgemeinen der Einheit,
232 1483 1296 1555 ihrer Entzweiung, und dem Gleichsetzen beider als
229 1538 509 1591 Verbindung.
314 1587 1288 1635 35. Der Molldreiklang, als ein umgekehrter Durdrei¬
226 1642 1292 1691 klang, wird in der Bedeutung, dass man ihn von einer
230 1698 1277 1740 negativen Einheit ausgehend betrachtet, in einer Rück¬
234 1747 1287 1803 wärtsbildung bestehen müssen. Auf die Einheit C bezogen,
228 1802 600 1858 ist der Durdreiklang
298 2011 1288 2069 Der Molldreiklang derselben Einheit C, als einer nega¬
215 2070 1209 2124 tiven, als Grundton und Terz bestimmender Quint, ist
