1444 2597
641 249 704 291 11
146 340 1205 386 wird man bald zugeben müssen, dass er nur die Momente
144 388 1209 435 alles Erkennens überhaupt in sich zusammenfasst und dass
147 443 1160 491 ein Weiteres für die Erkenntniss nicht mehr denkbar ist —
146 501 1192 547 eben wie der Zusammenklang etwas Consonantes nicht wei¬
148 547 1191 603 ter zulässt, als die Intervalle der Octav, Quint und Terz,
140 614 1197 659 die uns bei fernerer Betrachtung werden verwandt anspre¬
142 652 1204 699 chen können den Begriffen des Fühlens, des Verstehens und
138 708 1204 754 des gefühlten Verstehens, d. i. als Gefühl, Verstand und
145 763 369 811 Vernunft.
226 811 1199 867 Ueber die Bezeichnung der Töne durch Buchstaben,
140 867 1197 903 wie sie hier anzuwenden dienlich war, möchte ein recht¬
149 916 1201 965 fertigendes Wort vorauszuschicken sein; denn auf den er¬
141 971 1195 1019 sten Anblick scheint es allerdings, als ob die Tonbezeich¬
141 1027 1200 1067 nung mit Noten, die uns musikalisch bekannt anspricht, die
142 1075 1190 1123 wir als klingenden Ausdruck zu lesen gewohnt sind, an¬
143 1135 1203 1180 schaulicher sein müsste; sie ist aber für unsern Zweck
142 1187 443 1227 nicht brauchbar.
230 1236 1206 1283 Die Notenschrift unterscheidet zwar die sogenannt en¬
144 1291 1202 1339 harmonisch verschiedenen Tonstufen, z. B. c und his, sie
142 1347 1200 1388 unterscheidet aber nicht die in dem bekannten Verhältniss
147 1397 1206 1443 80:81 verschiedenen: sie hat keinen Unterschied des Zei¬
149 1444 1201 1491 chens für die Terz eines Grundtones und dessen vierte
153 1506 1206 1554 Quint, z. B. für e als Terz von C, und E in der Quintreihe
148 1555 435 1604 C-G-D-A-E.
237 1611 1201 1647 Wie wesentlich aber und bedeutend diese Unterschei¬
149 1659 1206 1709 dung für den Begriff des Systems der Harmonie ist und wie
147 1713 1205 1771 nothwendig sie auch in der Bezeichnung sein wird, lässt
144 1763 1204 1811 sich erst aus dem Inhalte des Folgenden zur vollen Evidenz
148 1820 292 1882 bringen.
237 1874 1201 1915 Hier wird der Terzton mit kleinen Buchstaben, der
146 1932 1204 1978 gleichnamige Grund- oder Quintton mit grossen Buchstaben
147 1979 1202 2035 bezeichnet, der C-Durdreiklang z. B. in erster Lage: C-e-G;
148 2036 988 2076 dessen zweite Lage: e-G-C; die dritte: G-C-e.
230 2084 1215 2131 Es wird nur einer geringen Uebung bedürfen, den
