1444 2597
644 226 720 267 367
150 316 1220 363 nichtbetonter Glieder: in Hebung und Senkung. Dieser Art
148 371 911 420 sind meistentheils unsere gereimten Verse.
245 426 1210 474 191. Aber nicht diese allein lassen den Unterschied
152 475 1214 524 langer und kurzer Zeittheile nicht wahrnehmen; er tritt
160 531 1216 580 auch in trochäisch und jambisch bezeichneten Versen da
153 588 1200 628 erst bemerklich hervor, wo zu der trochäischen und jam¬
153 635 1216 683 bischen die daktylische oder anapästische Bewegung sich
156 692 1214 748 gesellt. In rein trochäischen oder jambischen Reihen würde
152 739 1212 803 man nur mit Mühe der rhythmischen Quantität, nach dop¬
153 796 1216 851 pelter und einfacher Zeitdauer, fortgesetzt Genüge leisten
152 851 1210 892 können. Mit dem trochäischen Daktylus namentlich, weni¬
159 899 1210 955 ger entschieden mit dem jambischen Anapästen, wenn
164 955 1210 1011 jener bald nach dem Anfange der Reihe folgt, tritt der
164 1012 1212 1060 quantitirte Rhythmus sogleich von selbst ein, und wird sich
164 1059 1214 1107 in Folge dieser Bestimmung auch durch mehrere Glieder
162 1115 1213 1164 forterhalten. Nach einer längeren Reihe accentuirter Folge
157 1164 1208 1209 wird aber ebensoleicht der Daktylus die metrisch-gleich¬
162 1222 1213 1268 zeitige Form annehmen; wo die Folge sich sodann auch
159 1269 648 1331 gleichzeitig weiter fortsetzt.
252 1324 1216 1372 192. Die musikalische Metrik wird immer einen viel
156 1379 1209 1428 bestimmteren Unterschied zwischen gleichzeitiger und un¬
164 1435 1218 1491 gleichzeitiger Bewegung bestehen lassen: man wird ohne
162 1490 1223 1532 rhythmische Störung den ⁶⁄₈ Tact mit dem ²⁄₄ Tacte nicht
164 1540 1220 1588 vertauschen können; im Uebergange aus dem einen in den
161 1602 1219 1643 anderen wird eine Rückung, ein Wechsel rhythmischer
155 1643 607 1700 Grundbedingung fühlbar.
246 1692 1217 1740 Im Sprachmetrum, wo die Gliederung sich an den
160 1748 1205 1795 Wortsylben auszuprägen hat, wird der Rhythmus im Gan¬
157 1810 1221 1858 zen sich den metrischen Verhältnissen fügen; wogegen
165 1855 1222 1900 diese im Einzelnen wieder ihre Modificationen von jenem
166 1909 1219 1956 annehmen werden. Form und Stoff sind hier beide elasti¬
165 1962 1220 2011 scher Natur: weiten sich und ziehen sich zusammen, nach
156 2006 1211 2058 den Forderungen, die das Eine am Anderen geltend macht.
161 2060 1216 2106 Nur ist eine zu geringe Sylbe nicht geeignet, die metrische
159 2115 1227 2165 Länge zu füllen; wie eine zu schwere Sylbe sich nicht in
