1444 2597
656 163 744 207 183
158 252 1227 297 in den beiden zu verbindenden Tonarten in der That die¬
165 315 1227 363 selben bleiben und an ihnen eben die aufeinanderfolgenden
169 356 1214 404 Tonarten ihre Einheit, ihr Bestehendes in veränderter Be¬
173 411 1225 458 deutung wirklich enthalten; so dass wir z. B. in der Folge
170 459 1228 507 der C-Dur- und As-Durtonart die Identität des hier als
174 515 1227 563 Grundton und Terz sich entgegengesetzten C und c wirklich
171 564 1224 612 bewahrt sehen, und nicht, wie es durch den successiven
173 626 1222 667 Uebergang in der Reihenfolge der verbundenen Tonarten
174 675 341 731 geschieht,
167 955 1239 1003 die Terz c des tonischen As-Durdreiklanges als einen von
170 1004 1228 1059 dem Grundtone des tonischen C-Durdreiklanges in der
165 1060 972 1106 Differenz 80:81 verschiedenen Ton erhalten.
244 1115 1227 1159 275. Wenn wir anstatt des eben bezeichneten Ueber¬
167 1163 797 1220 ganges den folgenden hören lassen:
169 1387 1219 1435 der sich allerdings, ohne Verlust an Deutlichkeit, noch sehr
171 1436 1222 1483 würde zusammenziehen lassen, so wird hier die Identität
172 1487 1229 1531 des Tones C im ersten und c im letzten Accorde sich dem
169 1540 1222 1586 Gefühle leicht ergeben. Der Grundton der C-Durtonart ist
164 1587 1226 1635 hier Terz des tonischen As-Durdreiklanges geworden, die
173 1645 1217 1683 C-Durtonart in die As-Durtonart übergegangen, ohne die In¬
171 1691 1225 1738 tervalle zu verlassen oder aufzugeben, welche beiden Ton¬
164 1747 1228 1794 arten gemeinschaftlich bleiben konnten, in denen ihre innere
165 1796 1220 1841 Verwandtschaft enthalten ist. Wenn der Uebergang nach dem
167 1852 1225 1898 mit der C-Durtonart in dieser Weise verwandten Es-Dur
172 1900 797 1947 durch die folgende Reihe geschieht:
