1444 2597
699 200 772 244 170
295 300 1276 340 252. Wenn aber die chromatischen Stellen zwischen
209 348 1256 396 F und G und zwischen a und h, in der fortlaufenden Ord¬
199 405 1263 451 nung nur zu fis und B bestimmt, für den Anschluss der
209 460 1271 499 ersten an F, der zweiten an h dennoch ges und ais sein
210 507 1267 555 werden, so ergibt sich bei allen übrigen Stellen der chro¬
205 563 1271 617 matischen Leiter, die eine zweifache, eine Fortschreitung
201 612 1266 659 durch erhöhete und durch vertiefte diatonische Stufen an
208 667 1257 715 sich schon gewähren, jedenfalls immer das Leittonsverhält¬
204 730 1269 771 niss 15:16, und nicht das chromatische 128:135 oder
203 771 1261 818 24:25 für den Unterschied zweier Töne, die sich zu¬
201 834 1267 883 sammenschliessen, die in einander übergehen wollen, als
202 883 1259 923 natürliche Forderung von selbst, und es werden die eigent¬
213 932 1274 979 lich chromatischen Stufen nur bei einer weiterschreitenden
199 988 794 1043 Bewegung eintreten können z. B.
285 1412 1264 1451 253. Es ist offenbar die Entfernung der diatonischen
206 1459 1263 1507 Stufe 15:16 eine grössere, als die der beiden chromati¬
206 1516 1271 1563 schen 128:135 und 24:25; dennoch wird uns das als
209 1564 1253 1614 Leitton intonirte cis in der Folge C..cis..D höher scheinen,
214 1620 1248 1668 als die Secund des in der Folge C..des..C; das chroma¬
201 1676 1267 1723 tische Intervall C..cis sonach grösser, als das diatonische
206 1732 1256 1771 C..des. Bei Instrumenten mit festbestimmten, mithin tem¬
209 1779 1262 1835 perirten Klangstufen, kann dies allerdings nur auf einer
207 1835 1269 1882 akustischen Täuschung beruhen, da hier für cis und des
202 1889 1268 1931 dieselbe Tonhöhe besteht. Die freie Intonation wird aber
199 1939 1262 1987 in der That den Leitton geschärft oder erhöht zu nehmen
201 1994 1263 2036 Bedürfniss fühlen, so wie sie die zurückleitende kleine
200 2044 1269 2091 Secund in kleinerer Entfernung hören lässt, als ihr nach
