1444 2597
675 244 729 291 21
252 339 1227 385 8. Für die Klangverhältnisse und ihre harmonische Be¬
165 388 1226 434 deutung ist es ganz gleichgültig, auf welche besondere Weise
166 447 1227 498 die verschiedenen Grade der Klanghöhe erlangt werden, ob
169 499 1222 539 es durch vermehrte Kraft oder durch verminderte Last ge¬
166 547 1220 603 schieht: ob wir eine Saite durch grösseres Gewicht spannen,
174 604 1220 651 oder die mit demselben Gewicht gespannte Saite verkürzen
168 659 1225 707 wollen. Es ist bekannt, dass zu doppelter Spannung einer
168 707 1221 754 Saite nicht das zweifache, sondern quadratisch, das vier¬
174 763 1229 811 fache Gewicht, zu einer dreifachen das neunfache Gewicht
168 820 1220 875 erforderlich ist, dass aber die Hälfte der Saite, in welcher,
172 869 1216 915 wie in jedem einzelnen Theile, immer das Ganze der span¬
173 932 1219 979 nenden Kraft wirksam ist, die doppelte Spannung, der
170 980 1223 1027 dritte Theil die dreifache Spannung des Ganzen verhältniss¬
161 1038 1216 1083 mässig enthält und im Klange bekundet: daher die quanti¬
163 1084 1217 1132 tativen Klangbestimmungen am einfachsten an Quantitäts¬
172 1140 1219 1194 unterschieden des klingenden Materials von bleibender
169 1188 1222 1237 Spannung zu betrachten sind, da wir sie an den Unter¬
171 1245 1224 1291 schieden der spannenden Kraft erst durch Quadrat- und
166 1299 968 1344 Wurzelgrössen ausgedrückt erhalten würden.
257 1347 1227 1394 Es wird sich aber bald zeigen, dass die harmonischen
166 1404 1216 1450 Klangbestimmungen überhaupt nicht in complicirten Zahl¬
168 1459 1221 1515 verhältnissen bestehen, und dass auch die wenigen Zahlen,
169 1516 1217 1567 welche dabei vorkommen, nicht in ihrer Zahlbedeutung,
167 1572 1228 1619 sondern in einer allgemeineren den entsprechenden Klängen
169 1620 1104 1668 ihren bestimmten musikalischen Character ertheilen.
257 1676 1221 1723 9. Bestimmte Klanghöhe wollen wir Ton, Tonverhält¬
163 1724 656 1771 nisse Intervalle nennen.
542 1811 849 1875 Dur-Dreiklang.
226 1885 1101 1931 10. Es gibt drei direct verständliche Intervalle:
486 1939 764 1987 I. Die Octav.
465 1996 755 2043 II. Die Quint.
461 2043 875 2092 III. Die (grosse) Terz.
165 2099 607 2145 Sie sind unveränderlich.
