1444 2597
663 228 749 274 285
173 322 1234 379 Es ist diese die complicirteste Combination in Bezug auf
175 371 1234 420 die Accentbestimmung. Allein auch hier kann das Resultat
168 427 1235 475 nur ein unzweideutiges und klares sein, wenn wir die
176 484 1231 538 Motive, aus denen die Accente ihre Bestimmung erhalten,
170 532 1090 579 für sich und in ihrem Zusammenwirken betrachten.
258 588 581 634 In der Formation:
175 979 1231 1027 haben wir, wie in allen anderen, erst jede Ordnung für
175 1035 1231 1081 sich zu betrachten, als Folge eines accentuirten und eines
183 1099 1238 1140 accentlosen Theiles, und im Gliede höherer Ordnung nur
181 1139 1237 1187 das in Wirkung treten zu lassen, was aus der niederen
178 1196 1242 1235 ihm vollständig angehört und eigen ist. So enthält eben
174 1243 1108 1291 diese Formation im accentuirten dreizeitigen Gliede:
185 1555 1239 1594 ein accentuirtes und ein accentloses zweizeitiges Glied. So¬
185 1604 1240 1651 fern das zweite zweizeitige Glied dann wieder ein accen¬
186 1660 1241 1707 tuirtes wird, gehört es diesem ersten dreizeitigen Theile
185 1708 965 1756 nicht an, sondern dem zweiten accentlosen.
182 2020 1245 2074 Daher kann der Accent des zweiten zweizeitigen Gliedes,
181 2068 1125 2118 wiewohl er im Zusammenfassen der ganzen Bildung:
