1444 2597
644 220 709 267 79
137 322 1196 363 der andere, nach der Oberdominant, im Zusammenklange:
133 372 1192 420 h-C-D-e-G. Jener enthält die Verbindung F-a-C-e-G in der
138 427 1201 467 Form der unmittelbaren Folge der beiden Dreiklänge C-e-G
140 485 1197 531 und F-a-C; dieser, auf gleiche Weise, die Verbindung
141 531 1195 579 C-e-G-h-D, als unmittelbare Folge der Dreiklänge C-e-G und
149 585 1197 627 G-h-D. Das Unwahre eines solchen Processes spricht sich
142 636 1201 683 als Discordanz in den Zusammenklängen C-e-F-G-a und
141 691 671 745 h-C-D-e-G sogleich selbst aus.
227 739 1205 788 In welcher Weise aber solche Verbindungen wie
138 795 1198 843 F-a-C-e-G und C-e-G-h-D, unter besondern Bedingungen
137 849 1202 892 der Intervallenlage als sogenannte „Nonenaccordes”
144 899 1197 947 ihre verständliche Bedeutung finden können, gehört nicht
141 955 282 995 hierher. —
227 1004 1200 1051 117. Der Uebergang aus dem Dreiklange der Tonica
146 1060 1194 1100 nach einem Dominantaccorde geschieht durch den zwischen¬
136 1108 1194 1163 liegenden Molldreiklang: aus C-e-G nach F-a-C, durch a-C-e;
137 1164 1203 1210 also in der Fortschreitung C-e-G...C-e-a...C-F-a. Der erste
136 1218 1195 1260 Stimmenschritt geschieht hier in G..a, der zweite ist e..F.
137 1267 1200 1315 Durch F wird in dieser Dreiklangsverbindung G unmöglich
141 1324 1200 1379 gemacht, nicht aber e, da es dem mit F-a-C verbundenen
134 1371 1197 1419 Dreiklange a-C-e angehört; so wird der Uebergang von
140 1428 1196 1473 C-e-G nach F-a-C als Zusammenklang sich folgerichtig nur
144 1484 1188 1524 darstellen können in dem Zusammenfassen der letzten Folge¬
145 1532 1200 1586 glieder C-e-a und C-F-a, nämlich in dem Accorde C-e-F-a.
146 1588 1201 1633 Ebenso der Uebergang aus dem Dreiklange der Tonica nach
140 1636 1203 1683 dem der Oberdominant, aus C-e-G nach G-h-D, durch den
143 1691 1133 1740 Molldreiklang e-G-h vermittelt, in dem Accorde h-D-e-G.
228 1747 1201 1787 118. Man sieht, dass auch die Uebergänge in entfernter
140 1795 1197 1843 liegende Dreiklänge zur Septimenharmonie gestaltet, nur
141 1851 1200 1899 immer eng verbundene Dreiklänge zusammenfassen können.
138 1900 1193 1946 Der Uebergang aus C-e-G nach F-a-C ergibt als Septimen¬
149 1963 1202 2004 accord die Verbindung der Dreiklänge a-C-e und F-a-C;
143 2013 1204 2059 der Uebergang aus C-e-G nach G-h-D als Septimenaccord,
137 2069 1006 2107 die Verbindung der Dreiklänge e-G-h und G-h-D.
