1444 2597
674 219 747 264 35
169 476 864 515 was dasselbe ist, als wenn wir setzen
170 683 1218 725 Im Durdreiklange ist die Einheit das positiv Bestimmen¬
181 740 1161 780 de, im Molldreiklange ist sie das positiv Bestimmte.
261 787 1237 835 36. — In dieser passiven Natur und indem der Molldrei¬
177 843 1232 890 klang, zwar nicht seinen realen, aber seinen zur Einheit
177 899 1237 940 bestimmten Ausgangspunkt in der Höhe hat und sich an
180 947 1236 995 diesem nach der Tiefe bildet, ist in ihm nicht aufwärts
178 1004 1231 1050 treibende Kraft, sondern herabziehende Schwere, Ab¬
178 1052 1228 1101 hängigkeit, im wörtlichen wie im figürlichen Sinne des
173 1107 1232 1155 Ausdruckes ausgesprochen. Wie in den sinkenden Zweigen
177 1163 1228 1212 der Trauerweide, gegen den strebenden Lebensbaum, finden
179 1212 1231 1260 wir darum auch im Mollaccorde den Ausdruck der Trauer
172 1267 311 1315 wieder. —
574 1339 828 1395 Moll-Tonart.
254 1429 1231 1475 37. Im Systeme der Durtonart ist der Molldreiklang in
175 1484 1224 1523 einer secundären Bedeutung enthalten, und zwar in der
177 1532 1226 1580 Mitte je zweier Durdreiklänge: 1) des Unterdominantaccor¬
176 1587 1224 1635 des und des Accordes der Tonica, 2) des Accordes der Tonica
176 1635 744 1682 und des Oberdominantaccordes.
262 1692 1227 1738 Das Zugleichbestehen zweier Dreiklänge mit einem ge¬
179 1748 1228 1795 meinschaftlichen Tone enthält eben in diesem selbst einen
174 1803 1231 1860 Widerspruch, indem diesem Tone nach zwei Seiten entge¬
172 1852 1236 1907 gengesetzte Bedeutungen zugleich ertheilt werden, die er
166 1908 817 1946 nur nacheinander erhalten kann.
