1444 2597
685 226 773 274 115
184 323 1251 362 nach es nöthigen wird, indem auch h und es durch den über¬
198 371 1246 427 mässigen Dreiklang es-G-h in näherer Accordbeziehung
195 427 1241 474 stehen, als die den getrennten Dominantdreiklängen ent¬
190 476 1249 523 nommenen Töne h und F. Denn wenn auch die Grenzen
191 538 1255 579 des Tonartsystemes, bei dem Uebergange desselben in sich
192 587 1249 635 selbst, sich äusserlich verbinden, so wird die innerliche
189 636 1254 678 Trennung, die Zweiheit der Basis, aus einer solchen Ver¬
188 692 1255 740 bindung doch eine Einheit des Dreiklanges nicht können
193 740 1250 786 hervorgehen lassen, wie wir sie im Begriffe des Dur- oder
195 796 1251 851 Mollaccordes gefasst haben. Der verminderte Dreiklang
195 851 1257 896 D|F-a, enthält zwar in F-a das Terzintervall, aber in D—a
198 899 1256 948 kein Quintintervall; der verminderte Dreiklang h-D|F weder
197 955 1255 1000 Quint- noch Terzintervall. Eben so ist in den beiden ver¬
198 1004 1256 1052 minderten Dreiklängen der Molltonart D|F-as, h-D|F, keines
201 1059 1251 1107 von beiden enthalten, wie, in Betreff der Quint, bei un¬
188 1116 1250 1156 serer Bezeichnung es schon der Unterschied der grossen
189 1164 1259 1209 und kleinen Buchstaben in die Augen treten lässt. Zwar
200 1220 1062 1261 ist in dem sogenannten übermässigen Dreiklange,
199 1428 1245 1475 auch die Quintbeziehung der äusseren Töne nicht vorhan¬
197 1483 1252 1529 den, sie sind aber beide im Terzverhältnisse an den mitt¬
199 1531 1259 1579 leren gebunden. Die verminderten Dreiklänge dagegen
198 1588 1248 1635 enthalten nur ein directes Verhältniss zwischen zwei Tö¬
194 1636 1259 1684 nen: D|F-a, h-D|F während der dritte zu keinem von
196 1691 1254 1739 beiden in einer Dreiklangsbeziehung steht. So wird der
196 1754 1260 1803 dissonante übermässige Dreiklang noch immer gegen den
198 1802 1252 1849 verminderten eine Einheitsbedeutung in Anspruch nehmen,
202 1859 1255 1899 und das Intervall h—es, gegen h—F als eine verbindende
200 1900 1258 1948 Annäherung, der Natur der Molltonart gemäss, gelten
192 1956 342 2003 können. —
279 2011 1261 2052 171. Wiewohl die Entzweiung des Hauptdreiklanges
192 2073 1257 2116 sich am Entschiedensten in dem Zusammenklange der
