1444 2597
664 203 759 251 376
177 288 1245 348 Falle wird die Bedeutung immer leicht durchzufühlen und
176 349 538 396 auszusprechen sein.
272 400 1244 451 10. In der Tonleiter, deren Stufen, wie früher gezeigt
184 460 1245 499 worden ist, für die Durtonart durch die drei Töne des
187 507 1254 555 tonischen Dreiklanges bestimmt werden, findet immer ein
193 556 1081 611 Wechsel von Grund- und Dominantaccorden statt:
181 875 1243 922 Einem tonischen Accorde, I, entspricht direct das metrisch-
184 923 1239 980 Positive, 1; dem Accorde der Ober- oder Unterquint, II,
180 979 649 1029 das metrisch-Relative, 2.
270 1028 1245 1076 Demnach wird die metrische Stellung der Leitertöne
181 1083 745 1130 bis zu der sechsten Stufe sein:
183 1339 884 1387 Von der sechsten Stufe an aber ist sie:
185 1619 1245 1659 Die sechste Stufe hat mithin zu der fünften metrisch-rela¬
186 1668 1236 1715 tive, zu der siebenten-metrisch positive Bedeutung. In
190 1723 1239 1778 jedem Sinne wird an dieser Stelle immer eine Hemmung
194 1771 1246 1819 des Fortganges, des rhythmischen wie des harmonischen
188 1829 1243 1873 eintreten. Wenn hier metrisch-Positives mit harmonisch-
186 1883 1249 1924 Positivem zusammentreffen soll, so wird diese sechste Stufe
190 1931 1229 1979 wie sie harmonisch die Bestimmung wechselt, auch me¬
190 1987 1233 2028 trisch zweifache Bestimmung, erst relative dann positive,
192 2035 1246 2084 erhalten müssen. Diess kann durch Verdopplung oder durch
