1444 2597
699 234 785 283 197
209 451 1273 500 Unter dieser Annahme befindet man sich mit jedem ver¬
210 515 1275 555 minderten Septimenaccorde in vier verschiedenen, weit
208 564 1268 603 auseinanderliegenden Tonarten. Drei solcher Accorde wer¬
204 621 1266 675 den; jeder mit seinen vier verschiedenen Deutungen auf¬
211 668 467 715 zustellen sein:
205 812 1258 849 wonach, wenn der geeignete Septimenaccord ergriffen wird,
214 860 1263 906 der Uebergang nach den zwölf Tonarten des temperir¬
210 915 1267 964 ten Quintzirkels, und zwar den Durtonarten sowohl wie
210 967 1263 1011 den Molltonarten, offensteht; denn wir wissen, dass der
204 1021 1263 1067 verminderte Septimenaccord sich ebensowohl auf einen
211 1076 1267 1115 tonischen Durdreiklang, wie auf den Molldreiklang beziehen
204 1121 1261 1174 kann, dass demnach sowohl die Auflösung h-D|F-as...C-e-G,
205 1180 1269 1228 wie die andere h-D|F-as...C-es-G stattfindet (43). Ausser
205 1228 1273 1275 diesen kennen wir auch das Zulässige der Auflösungen
208 1284 1259 1329 h-D|F-as...C-F-as und h-D F-as...C-F-a (212). In den letz¬
208 1339 1267 1380 teren wird die Quart-sextlage des Auflösungsaccordes dessen
208 1389 1266 1435 Fortschreitung nach dem Dreiklange C-e-G, als Domi¬
209 1450 1273 1491 nantaccord nach sich ziehen und den Schluss nach der
209 1500 1269 1539 F-Moll- oder F-Durtonart bewirken können, der sonach
206 1554 1266 1603 ebensowohl aus dem Septimenaccorde e-G|B-des, wie aus
204 1603 889 1650 dem Accorde h-D|F-as zu erlangen ist.
289 1650 1269 1707 Es ist aber jeder verminderte Septimenaccord in irgend
207 1708 1257 1755 einer der enharmonisch verschiedenen Deutungen unvorbe¬
211 1763 1266 1803 reitet immer aus einem der drei Hauptdreiklänge einer jeden
200 1811 1271 1859 Tonart zu fassen, daher der Uebergang in jede beliebige
205 1868 1277 1915 Dur- oder Molltonart mit diesem Verfahren leicht auszuüben
209 1923 398 1963 sein wird.
289 1972 1265 2020 290. Sofern diese Modulationsweise aber innerlich ganz
205 2027 1264 2075 Verschiedenes und Verwandtschaftsloses, wegen seiner
201 2075 1266 2127 äusserlichen Nähe, für Gleiches anzunehmen sich befugt
