1444 2597
666 226 725 267 93
159 317 1222 363 und Grundton des oberen Dreiklanges, der obere, Quint des
162 372 899 419 unteren und Terz des oberen Dreiklanges.
241 428 1208 466 Indem nun die Auflösung nur an einem der beiden Mittel¬
160 475 1222 530 töne geschehen kann, so bleibt die andere Doppelbedeutung
157 532 1215 578 unaufgelöst. Der andere Ton, in welchem sie noch enthalten
162 586 1213 627 ist, hat aber gleiche Ansprüche auf die Beseitigung des
160 634 1221 692 Doppelsinnes, wie der eine, an dem sie geschehen, und
161 692 1211 731 wird nun, anstatt sie zu erlangen, genöthigt, selbst fort¬
159 739 1212 789 zuschreiten, wenn er nicht als neue Dissonanz in der Con¬
156 795 1210 851 sonanz der Auflösung, die an dem einen Tone erfolgt ist,
156 848 1204 890 fortbestehen will, wozu er aber auch, da er im Dissonanz¬
164 899 1216 945 verhältnisse nicht berücksichtigt worden, grösseres Ver¬
165 955 1216 995 langen zeigen wird, als zur Fortbewegung. So wird die
160 1003 1223 1052 Auflösung des Accordes e-G-h-D, wenn sie an der Terz G
166 1059 1216 1109 geschieht, gern den neuen Septimenaccord e-G-h-C, anstatt
170 1107 1218 1155 des Dreiklanges e-G-C, und die Auflösung an der Quint h, den
161 1163 1207 1211 Septimenaccord F-G-h-D, anstatt des Dreiklanges F-h-D re¬
161 1226 1211 1259 sultiren lassen. Es wird eben bei dieser Dissonanzver¬
171 1278 1223 1323 mittlung, an dem einen oder anderen Mittelgliede des
165 1324 1204 1370 Septimenaccordes, die Dreiklangszweiheit noch nicht auf¬
167 1387 1215 1427 gehoben, wie sie es in der vorher gezeigten Auflösung
165 1427 1217 1474 des Septimenaccordes wurde; daher dort, wie am Vor¬
165 1483 1225 1538 haltsaccorde, die entschiedenere Consonanzherstellung er¬
170 1532 421 1588 folgen konnte.
261 1588 1218 1634 140. Ausser dieser zweiten Auflösungsweise, in welcher
164 1636 1215 1691 einer der mittleren Töne des Septimenaccordes liegen bleibt,
168 1692 1223 1739 indem an ihm die Fortschreitung sich bestimmt, der andere
169 1739 1220 1787 aber mit der fortschreitenden Stimme in ein und denselben
172 1798 1229 1843 Auflösungston treten muss, wenn er nicht verharrend zu
171 1853 1228 1899 neuer Dissonanz werden soll, ist nun noch der dritten Art
168 1906 1228 1947 zu gedenken, welche nicht an einem der beiden mittleren
170 1956 1226 2003 Töne, sondern an beiden zugleich, als bleibendem und
174 2003 1225 2052 die Bedeutung änderndem Intervalle vor sich geht, indem
171 2066 1229 2107 dieses aus der zweifachen Bedeutung, zu der es in der
