1444 2597
679 172 764 212 185
187 259 1252 307 Modulationsgange erst in der Fortschreitung durch drei
187 315 1244 350 Tonarten erreicht werden würde. Es werden daher über¬
195 364 1247 411 haupt die nach dieser Seite liegenden ferneren Tonarten auf
194 419 1253 459 diesem Wege leicht zugänglich zu erlangen sein; denn
197 468 1251 515 wenn wir uns mit dem C-Durdreiklange schon in der
187 515 1248 579 F-Molltonart befinden, so wird der Uebergang in die ver¬
189 572 1250 618 wandten dieser Tonart durch vermittelte und vermittelnde
184 627 1253 667 Dominantseptimenaccorde in engster Verbindung geschehen
195 677 1245 723 können. Es sollte hier aber nur vom Uebergange nach der
187 731 852 771 As- und Es-Durtonart die Rede sein.
277 779 1236 827 277. Wenn die Tonarten As- und Es-Dur im Grund¬
193 835 1253 875 tone und in der Quint des tonischen Dreiklanges der
189 886 1247 930 C-Durtonart mit dieser eine Verwandtschaft enthalten, so
188 939 1248 979 fanden wir die E-Dur- und A-Durtonart in der Terz mit
190 988 1235 1043 jener verwandt. Dort geschieht die Umdeutung des Grund¬
192 1043 1244 1083 tones oder der Quint des tonischen Dreiklanges einer Tonart
191 1090 1240 1147 in die Terz des tonischen einer anderen, hier umgekehrt,
191 1139 1245 1188 die Umdeutung der tonischen Terz der einen in Grundton
185 1203 1243 1244 oder Quint des tonischen Dreiklanges einer anderen. Der
193 1251 1238 1291 Uebergang in die entfernteren Tonarten der Unterdomi¬
188 1307 1245 1346 nantseite ergibt sich, wenn der Dominantaccord einer
187 1355 1245 1411 verwandten Durtonart auf die gleichnamige Molltonart
185 1403 1246 1452 bezogen wird; zu den entfernteren Tonarten der Ober¬
189 1461 1229 1507 dominantseite wird es führen, wenn wir den Dominant¬
188 1515 1244 1564 accord einer verwandten Molltonart auf die gleichnamige
186 1564 560 1610 Durtonart beziehen.
276 1609 1230 1660 So wird der tonische E-Durdreiklang auf den Domi¬
182 1674 1251 1722 nantaccord der E-Molltonart, der tonische A-Durdreiklang
180 1730 1196 1771 auf den Dominantaccord der A-Molltonart folgen können:
