1444 2597
695 236 775 283 324
198 329 1256 374 das zweizeitige Metrum Erstes und Zweites nur als Einheit
201 380 1262 435 noch enthält, das dreizeitige eine entschiedene Trennung
205 429 1253 490 im Paare hervorruft, das vierzeitige aber die Verbindung
204 491 1257 531 des getrennten Paares entstehen lässt; so ist in der un¬
202 552 1261 596 gleichzeitigen Gliederung das erste dieser drei Begriffsmo¬
206 596 1261 642 mente in der Ungetheiltheit des Gliedes enthalten, das
197 644 1260 690 zweite in der ungleichen Theilung, nach der schon be¬
205 700 1256 747 sprochenen Bedeutung, in welcher der eine Theil die Be¬
200 761 1254 803 stimmung hat, gegen den anderen Ganzes zu sein, dieser
207 818 1254 851 andere die Bestimmung hat, gegen den ersten Theil zu sein.
289 860 1254 907 125. Die metrisch-gleichzeitige Bestimmung geht nun
207 909 1255 962 zu ihrem dritten und letzten Momente wesentlich damit fort,
209 964 1258 1019 dass sie das Ganze zum Theile, zur Hälfte werden lässt,
200 1020 1263 1074 das gegliederte Paar als Glied eines Paares höherer Ordnung
199 1068 1257 1120 setzt. Die Fortbildung ist hierin, wie schon die dreizeitige
209 1124 1268 1179 es war, wieder extensiv erweiternd: die Formation nimmt
204 1179 1244 1221 nun den doppelten Zeitraum der zweizeitigen in Anspruch.
291 1227 1261 1275 126. Die Gliederung des Gliedes kann nicht über den
209 1283 1260 1331 Umfang desselben hinausgehen; sie kann sich nur innerhalb
208 1332 1255 1380 desselben vollenden. Das Ganze in der ungleichen Theil¬
211 1388 1261 1436 ung, d. i. die Länge, kann nicht, wie in der gleichen, zum
205 1443 1259 1500 Theile, d. i. zur rhythmischen Kürze werden: denn Das,
203 1499 1260 1548 woran die Länge als Kürze, als Hälfte erscheinen könnte,
204 1548 1251 1590 würde grösser sein als das Glied, als der Zeitraum, inner¬
209 1603 1268 1644 halb welchem die Bestimmung geschehen muss. Die Kürze
212 1652 1258 1699 kann aber an einem Kürzeren innerhalb des Gliedes, d. i.
207 1708 1266 1756 an der Hälfte der Kürze, als Länge, somit der Theil als
204 1764 1263 1804 Ganzes erscheinen; und so, wie die gleichzeitig-metrische
204 1811 1260 1866 Formation zu ihrer Begriffsvollendung das Ganze als Theil
214 1875 1263 1915 setzt und damit den Gegensatz von Einem und Anderem
201 1931 1269 1973 aufhebt, würde die ungleichzeitige Bildung den Theil als
205 1971 1256 2019 Ganzes gesetzt haben und damit, der Natur ihrer Bild¬
205 2027 1260 2072 ungsweise gemäss, zu demselben Begriffsabschlusse ge¬
209 2075 401 2131 langt sein.
