1444 2597
697 234 786 276 114
207 323 1270 371 Grundtones in entgegengesetzte Bedeutung. Die Terz¬
207 380 1271 425 beziehung, den Accordzusammenhang, finden die disso¬
215 429 1269 477 nirenden Töne aber in der gleichzeitigen Verbindung des
213 484 1270 531 Oberdominantdreiklanges mit dem verminderten Drei¬
210 539 1274 587 klange der Oberdominantseite, G-h-D—h-D-F, als Domi¬
213 592 582 651 nantseptimenaccord,
219 805 1277 859 der zu seiner Auflösung eben jene Quintbeziehung der Töne
211 851 887 900 F und G im Grundtone C erst fordert.
303 907 1277 955 169. Diesem Septimenaccorde kommt als Dissonanz
214 957 1273 1002 in der Tonart die Bedeutung zu, welche der tonische Drei¬
220 1011 1273 1059 klang als Consonanz in ihr hat. Er bezieht sich unzwei¬
215 1068 1273 1115 deutig auf diesen; denn es ist eben der Grundton des
219 1125 1272 1162 tonischen Dreiklanges selbst, welcher hier durch die bei¬
219 1171 1278 1219 den Dissonanztöne in sich entzweit, und dessen Einheit
213 1226 1276 1267 durch die Auflösung wieder hergestellt wird. Daher führt
213 1276 1218 1323 dieser Septimenaccord auch zu vollkommenem Schlusse.
304 1332 1265 1388 170. — Characteristisch ist im Dominantseptimen¬
218 1380 1272 1427 accorde, wie in dem nachher ausführlicher zu besprechen¬
217 1437 1280 1483 den Septimenaccorde der Oberdominantterz, das Intervall
217 1492 1269 1532 der verminderten Quint, welches in dieser Harmonie zwi¬
216 1539 1259 1587 schen der Terz des Oberdominantaccordes und dem Grund¬
221 1596 1272 1635 tone des Unterdominantaccordes enthalten ist. Wenn in
224 1644 1263 1692 der C-Dur- oder C-Molltonart die Töne h und F zusam¬
212 1706 1278 1747 mentreten, so wird h nach C, F nach e, in der Molltonart
218 1754 1274 1805 nach es sich bewegen wollen. Eine Dreiklangs-Einheit ist
218 1804 1264 1852 zwischen h und F nicht vorhanden; eine solche auf näch¬
220 1859 1270 1907 stem Wege im Zusammenklange herzustellen, ist die For¬
221 1908 1274 1955 derung in beiden Tönen. Jeder von ihnen sucht aber sich
213 1970 1280 2019 selbst geltend zu machen, und so ist es der Ton F, welcher
215 2019 1285 2059 h nöthigt nach C zu treten, und der Ton h ist es, welcher
222 2068 1289 2115 F nach e sich zu bewegen drängt, und in der Molltonart
