1444 2597
737 219 812 267 16
339 315 1304 369 Auch hier wird das technische Wissen der Ausübung
251 371 1293 412 näher stehen, unmittelbarer in sie eingreifen, als das allge¬
252 419 1302 475 meine oder das Wissen des Allgemeinen: die Regel wird
245 475 1302 523 früher zu Rathe gezogen werden, als das Gesetz. Das Wis¬
243 521 1288 571 sen des Gesetzes wird aber in gleicher Weise dem techni¬
252 580 1298 635 schen Wissen Klarheit und Sicherheit verleihen können,
244 635 1207 675 wie dieses der praktischen Ausübung zu Hülfe kommt.
334 684 1303 730 Zu einer wissenschaftlichen Erkenntniss auf musikali¬
247 739 1294 787 schem Gebiete möchte das Gegenwärtige Anregung und An¬
248 795 427 843 fang sein.
