1444 2597
680 219 761 268 248
189 321 1245 355 aus diesen zu verwickelt scheinenden Proceduren hervor¬
192 374 1248 419 gehen, so ergeben sie doch nur, was uns rhythmisch ganz
188 420 1247 475 gefühlsgemäss und natürlich erscheint, was sich metrisch¬
188 478 1251 515 natürlich eben „von selbst” macht. — Und das ist auch
189 532 1249 579 ganz allein der Zweck dieser Untersuchungen, darüber zur
193 580 1249 626 Klarheit zu kommen, auf welche Art und Weise sich das
185 643 1250 676 macht, „was sich von selbst macht” — im Einfachsten
189 683 1246 731 wie im Complicirtesten — was sich so macht, wie wir in
196 737 1252 786 künstlerischer Anwendung es natürlich finden. Es wird
193 803 1245 842 auch nur des Künstlers Bestreben sein können, Etwas so
195 843 1248 891 zu machen, dass es sich von selbst gemacht zu haben
193 899 1253 956 scheine. Dazu müssen aber die darstellenden Mittel allge¬
190 957 1248 1003 mein-verständliche, d. h. natürlich-gegebene sein; der gute
194 1004 1247 1050 Musiker wird sich so wenig bemühen, neue Accorde und
192 1065 1252 1106 neue Tactarten aufzusuchen, als es dem Maler in den Sinn
185 1107 1249 1155 kommt eine neue Menschengestalt erfinden, oder ihr andere
197 1164 1232 1212 Gliederung geben zu wollen, als die sie von Gott erhalten.
225 1276 1204 1330 Dur- und Moll-Begriff als metrische Bestimmung.
285 1376 1259 1419 46. Was in der Harmonie den Gegensatz des Dur- und
196 1428 1250 1475 Mollbegriffes begründet, das bestimmt in der Metrik die
185 1484 1242 1524 Betonung des ersten oder des zweiten Gliedes im Paare.
277 1532 1247 1579 Im Durdreiklange ist das Einheitsmoment im Grund¬
195 1595 1247 1643 tone des Accordes gesetzt: in C-e-G ist C—G Quint, C-e
200 1643 1256 1697 Terz; beide Intervalle sind durch C zu ihrer Bedeutung
197 1691 1255 1739 bestimmt und finden in ihm ihren Zusammenklang. Im
194 1748 1250 1794 Molldreiklange beziehen beide Intervalle sich auf den Ton
201 1803 1247 1851 der Quint. In a-C-e ist a—e Quint, C-e Terz; hier ist der
192 1858 1256 1899 Ton e das Einheitsmoment des Accordes, in welchem das
194 1908 1248 1958 Quint- und Terzintervall seinen Zusammenklang findet. Der
189 1963 1258 2009 Mollaccord a-C-e hat sein Einheitsmoment in dem von a zur
198 2012 1259 2066 Quint, von C zur Terz bestimmten e. Da beide posi¬
195 2074 1257 2115 tive Bestimmungen in diesem Tone zusammenkommen, so
