1444 2597
692 156 774 196 184
203 244 1260 291 so wird man bei der Fortschreitung des dritten zum vier¬
212 299 1265 348 ten Accorde eine Veränderung in dem Tone F empfinden,
209 348 1273 401 den Uebergang des Terztones in den Quintton; denn es
200 403 1264 442 ist die Umwandlung der Tonarten in dem vorliegenden
199 451 414 500 Falle diese:
198 716 1257 771 Das Bleibende, Bindende ist hier das Quintintervall C—G,
200 765 1268 811 welches in der ersten Tonart dem tonischen, in der zweiten
205 819 1263 867 dem Oberdominantdreiklange, in der letzten, indem es
210 867 1260 915 seine positive Bedeutung mit der negativen vertauscht, dem
203 924 1260 971 Molldreiklange der Unterdominantseite angehört. Da nach
210 972 1259 1019 diesem Bestehenden sich aber die übrigen Intervalle der
208 1028 1263 1068 Tonarten bilden, nach der Voraussetzung, dass der Es-Dur¬
207 1076 1258 1124 dreiklang die Quint des C-Durdreiklanges als Terz ent¬
207 1131 1252 1182 halte, so ist die Oberdominantquint (F), der Es-Durtonart,
206 1187 1265 1227 ein von dem Grundtone der F-Molltonart und sonach auch
212 1235 1262 1283 von dem Unterdominantgrundtone der C-Durtonart ver¬
196 1291 1263 1330 schiedener Ton. Es könnte allerdings, nach dem was wir
204 1339 1265 1387 von dem Uebergreifen des Tonartsystemes früher gesagt
201 1394 1268 1435 haben, der versetzte Accord im Modulationsgange auch mit
203 1443 1256 1499 dem Grundtone der F-Molltonart als As-B-d-f bestehen,
206 1500 1257 1540 ohne seine Dominantseptimengeltung zu verlieren, die ge¬
204 1553 1262 1596 nugsam in As-B-d ausgesprochen ist; der Ton f wird sich
200 1603 1257 1652 aber gegen B-d als nicht-Quint schwer behaupten können,
199 1656 1260 1707 und immer geneigt sein in die Quintbedeutung (aus 80 nach
199 1708 501 1762 81) einzurücken.
289 1756 1252 1810 276. Diese modulatorischen Gänge beginnen damit,
205 1812 1255 1858 dass der tonische Dreiklang einer Durtonart als Oberdomi¬
197 1866 1261 1916 nantdreiklang einer Molltonart gesetzt wird. Wir gewinnen
201 1915 1253 1963 durch diese Umdeutung unmittelbar eine nach der Un¬
201 1970 1254 2011 terdominantseite liegende Region, die in dem successiven
