1444 2597
696 205 775 251 120
201 300 1261 347 des Oberdominantaccordes G-h-D mit dem Unterdomi¬
200 347 1255 403 nantgrundtone F. Der zweite Septimenaccord, h-D|F-a,
202 403 1257 451 aus den verminderten Dreiklängen h-D|F und D|F-a be¬
202 463 1266 507 stehend, wird sich als Zusammenklang von Terz und Quint
201 508 1263 554 der Oberdominant mit Grundton und Terz der Unterdomi¬
205 570 1267 613 nant vernehmen lassen. Der dritte, aus den Dreiklängen
206 611 1250 666 D|F-a und F-a-C bestehende Septimenaccord, D|F-a-C,
208 667 1268 708 lässt nur die Verbindung des Unterdominantdreiklanges
204 716 966 764 F-a-C mit der Oberdominantquint D hören.
286 769 1248 827 179. In der Dominantseptimenharmonie, G-h-D|F,
199 835 1266 867 steht die Septime getrennt und ausser aller wirklichen
201 875 1249 923 Dreiklangsbeziehung zu dem Accorde. In der Septimen¬
208 924 1247 985 harmonie der oberen Dominantquint, D|F-a-C (D|F-as-C),
204 979 1258 1027 steht ebenso der Grundton getrennt, ausser Dreiklangs¬
207 1036 1258 1082 beziehung. In der Septimenharmonie der oberen Domi¬
210 1098 1267 1139 nantterz, h-D|F-a (h-D|F-as), ist die Trennung in der Mitte
211 1139 1258 1187 des Accordes vorhanden; er zerfällt in zwei Theile, von
208 1195 1270 1236 denen der untere dem Oberdominantdreiklange, der obere
209 1243 1260 1299 dem Unterdominantdreiklange angehört: wie eben alle
204 1301 1264 1339 drei Septimenharmonieen ihren Inhalt nur den beiden Do¬
212 1347 1264 1395 minantaccorden entnehmen, und nur im Mehr- und Min¬
205 1404 1261 1450 dergehalte aus dem einen oder anderen dieser beiden
200 1459 1259 1498 Dreiklänge unterschieden sind; indem der erste den Ober¬
206 1507 1261 1555 dominantdreiklang vollständig und den Grundton des Un¬
200 1564 1249 1603 terdominantdreiklanges, der zweite den Unterdominant¬
208 1611 1252 1660 dreiklang vollständig und die Quint des Unterdominant¬
209 1667 1261 1715 dreiklanges, der dritte Terz und Quint des oberen und
209 1715 1065 1763 Grundton und Terz des unteren zum Inhalte hat.
290 1771 1268 1817 180. Da die Septime des Oberdominantaccordes
202 1833 1265 1882 aber keinem Tone des unter ihm liegenden Dreiklanges
206 1876 1268 1922 verbunden ist, da sie ferner entschieden Grundton ist
206 1932 1268 1979 (des Unterdominantaccordes), ein Primäres, an sich
204 1991 1250 2035 selbst Gültiges, nicht Quint, wie es die Septimen im un¬
206 2036 1263 2083 verwendeten Systeme sind, die als Secundäres ihre
