1444 2597
734 243 817 290 338
237 339 1310 384 bezeichnet worden ist, geht aber ein anderes Bestimmungs¬
239 387 1316 436 moment voraus, wie ihr auch ein anderes nachfolgt: das
245 451 1316 499 erste, der Octav entsprechende, ist das der Einheit, das
249 492 1307 546 des ungetheilten Gliedes; das letztere ist das der Terz,
252 547 1318 595 der geeinten Zweiheit entsprechende, das der in ungleicher
248 604 937 650 Theilung zur Länge bestimmten Kürze.
332 652 1316 696 150. Mit ungetheiltem Gliede erscheint die Dipodie als
239 708 482 764 Spondeus.
244 843 1310 891 Dieser nimmt ein Gliederpaar in sich auf. Er ist nicht ein
246 900 1311 939 Fuss, gleich dem Trochäen oder Jamben, er besteht in
250 947 1310 995 einem Paare solcher Füsse, die zu Trochäen oder Jamben
255 1004 544 1051 werden können.
342 1060 1313 1099 151. Die Kürze als Länge bestimmt (durch eine klei¬
245 1108 1320 1155 nere ihr vorausgesetzte Kürze), lässt den Daktylus im
254 1164 1001 1203 einzelnen Gliede, im Trochäen entstehen.
337 1395 1320 1443 Der Daktylus enthält den Jambus im Trochäen: er hat
256 1452 1315 1492 eben das rhythmisch- als positiv- und negativ-Entgegen¬
254 1493 1311 1555 gesetzte in sich ineinander aufgehen lassen und ist in die¬
254 1556 1317 1600 sem Sinne rhythmische Terz geworden. Die trochäische
253 1604 1156 1651 Kürze erscheint hier zugleich als jambische Länge.
343 1659 1307 1707 152. Dem Daktylus entgegengesetzt ist der Anapäst.
260 1875 1318 1923 Er enthält den Trochäen im Jambus. Die dem rhyth¬
255 1940 1323 1987 mischen Terzbegriffe entsprechende Bestimmung an dem
262 1992 1311 2028 negativen Trochäen, am Jambus, wird eben nur darin be¬
260 2036 1325 2082 stehen können, dass die jambische Kürze zu trochäischer
256 2084 507 2140 Länge werde.
