1444 2597
633 242 721 291 383
141 332 1202 387 menaccorde des verwendeten Systemes, d. h. diejenigen,
141 397 1214 443 welche die Grenzen desselben zusammengefasst enthalten
144 443 568 491 — in der C-Durtonart:
141 604 507 651 in der C-Molltonart:
148 782 1198 827 zu guter, gerechtfertigter Wirkung, mit vorbereiteter Sep¬
147 827 1199 875 time auf der metrisch zweiten Zeit sich einfinden, und ihre
142 883 1201 921 Vorbereitung, wie ihre Auflösung in die metrisch erste
148 932 313 988 verlegen.
228 987 1203 1035 19. Eine Sequenz von vorbereiteten Septimenaccorden
142 1036 1199 1091 mit ihren Auflösungen in die entsprechenden Dreiklänge,
150 1091 1196 1148 die sich, den Septimenaccord auf die zweite, die Auflösung
143 1146 1203 1187 auf die erste Zeit gesetzt, in den Dissonanzharmonieen des
150 1196 1187 1243 unverwendeten Systemes nur metrisch verkehrt und natur¬
152 1252 1200 1299 widrig erweisen kann, wird an den Stellen, wo sie den
143 1307 1198 1355 Dissonanzharmonieen des verwendeten Systemes begegnet,
149 1355 1209 1403 etwas Unrichtiges nicht mehr empfinden lassen; hier ist die
148 1411 1208 1467 metrische Stellung für die Vorbereitung der Septime auf
141 1466 1199 1506 erster, für den Eintritt des Grundtones auf zweiter Zeit
148 1514 1197 1563 eine ebenso berechtigte, als die umgekehrte: denn es sind
145 1572 1202 1611 eben hier Grundton und Septime von harmonisch gleicher
137 1620 1059 1667 Dignität, es ist Keines dem Anderen untergeordnet.
229 1676 664 1722 20. Die folgende Reihe:
142 1833 1205 1883 welche in dieser metrischen Stellung den Dissonanzaccord
141 1891 1199 1938 auf der accentuirten Zeit enthält, kann nur in jedem Mo¬
137 1955 1201 1994 mente unbedenklich richtig erscheinen. Wird dieselbe Reihe
137 1996 977 2043 in metrisch-entgegengesetzte Ordnung gestellt:
