1444 2597
714 227 803 267 208
229 315 1283 362 niss von Interesse sein kann. Wie aber diese Unendlichkeit
221 378 1283 427 doch nicht zu erschöpfen ist, so kann überall nur der Weg
229 432 1283 483 gezeigt werden, wie er nach jeder Richtung weiterführend,
228 476 1278 523 auch für die Untersuchung des Einzelfalles, für die beson¬
224 533 1288 580 dere Vorkommenheit einzuschlagen sein würde. Er wird
223 593 1285 635 aber im Gange des dargelegten Productionsprocesses sich
228 635 1281 683 immer finden lassen, wenn wir die Bildungsbedingungen
228 692 1268 739 in ihrer einfachen abstracten Bedeutung, in ihrer allge¬
225 739 1280 787 meinen Wesenheit festzuhalten suchen; wenn wir Zusam¬
224 801 1278 843 mengesetztes trennen, um es als Verbundenes in seinen
224 851 1084 898 Theilen und ihrer Verbindung kennen zu lernen.
317 899 1285 944 Was hier mit der Aufschrift bezeichnet wird, ist der
222 956 881 1002 musikalische Schluss, die Cadenz.
305 1003 1280 1058 Die sehr wesentlichen metrischen Bedingungen,
230 1067 1279 1114 welche bei der Bildung des Schlusses eingreifen, müssen
226 1115 1282 1171 jetzt noch unerörtert bleiben; wir haben es hier nur mit
222 1175 868 1211 den harmonischen allein zu thun.
300 1221 1283 1268 308. Wie der Ausdruck den Sinn enthält, dass Etwas
221 1267 1272 1316 zusammen geschlossen werden soll, so setzt der
221 1323 1273 1371 Schluss eben Getrenntes voraus. Hauptsächlich ver¬
219 1379 1277 1427 bundene Accorde werden in ihrer Aufeinanderfolge kei¬
216 1443 1280 1492 nen Schluss bilden können. — Der tonische Dreiklang der
217 1483 1268 1531 Durtonart kann mit den beiden Molldreiklängen des Sy¬
221 1540 1278 1587 stemes sich nicht zum Schlusse verbinden: es ist solcher
225 1587 1276 1635 Verbindung eine zu nahe Verwandtschaft entgegen. Im
217 1643 1277 1690 Uebergange von C-e-G nach a-C-e, wie von C-e-G nach
216 1700 1276 1740 e-G-h geschieht keine entschieden gegensätzliche Umdeut¬
217 1748 1278 1797 ung an den bleibenden Tönen C-e oder e-G. Denn dass die
221 1804 1279 1850 Terz Grundton oder Quint werde, ist nicht der Ueber¬
217 1859 1277 1914 gang in das Entgegengesetzte, in das entschieden
223 1908 1273 1955 Andere; dieser kann nur darin bestehen, dass der
215 1963 1269 2011 Grundton Quint oder die Quint Grundton werde.
215 2020 1282 2059 Die Terz ist an sich schon Grundton und Quint; wenn sie
218 2067 1280 2112 Grundton oder Quint wird, so gibt sie nur die eine oder
