1444 2597
687 225 759 275 104
187 324 1246 370 Nebeneinanderstehen zweier primärer Dreiklänge enthal¬
192 371 1249 420 ten, ohne doch die Wirkung einer Quintfolge empfinden zu
196 427 1256 474 lassen. Wir haben zwar gefunden, dass hier der Ton D in
187 483 1258 531 Bezug auf die Dissonanzbildung ebensowohl aus der Terz
190 539 1249 587 e, wie aus dem Grundtone C hergeführt werden könne;
193 588 1249 631 es ist aber auch gesagt worden, dass die Stimmenfort¬
197 644 1259 684 schreitung für die Septimenharmonie keine andere sein
192 692 1256 747 könne, als die der Dreiklangsfolge. Wenn wir aber
196 748 1255 794 die Entstehung des Septimenaccordes in der Folge zu
199 795 1256 843 dem unverbundenen Dreiklange geschehen lassen; wie die
194 852 1248 900 Septimenaccorde im Uebergange zu verbundenen Dreiklän¬
196 915 1256 962 gen entstanden sind, den obigen, C-D-F-a, mithin in der
191 955 315 1012 Folge:
190 1116 1257 1160 so ist keineswegs der Ton D aus dem e melodisch hervor¬
192 1171 1252 1223 gegangen; es ist nicht einmal die Möglichkeit vorhanden,
205 1221 1258 1267 dass er daraus hervorgehen könne, indem die Septimen¬
192 1276 1253 1321 harmonie nur aus der Verbindung der beiden letzten Drei¬
196 1324 1250 1372 klänge dieser dreifachen Folge, C-F-a und D|F-a, ent¬
197 1386 1257 1427 steht, mit dem Dreiklange C-F-a aber das e, die Terz des
205 1436 1261 1479 C-Durdreiklanges, welches nur in C-e-a, als Quint des
203 1491 1253 1531 a-Molldreiklanges noch fortbestehen konnte, schon auf¬
201 1546 1257 1595 gehoben ist. Auch wenn wir aus dem a-Molldreiklange
201 1595 1254 1642 dieser Folge, aus C-e-a, die Septimenharmonie C-D-F-a,
201 1644 1259 1691 nach der Weise der Accordverbindungen des zweiten Ver¬
202 1700 1263 1746 wandtschaftsgrades (91) herleiten wollten, würde C nach
197 1757 1259 1795 D, e nach F fortzuschreiten haben. Es darf aber eine
197 1813 1256 1851 äussere Nöthigung, e nach D zu führen, ein absichtliches
207 1860 1261 1906 Verfahren zu vorgesetztem Zweck hierbei so wenig eintre¬
197 1908 1256 1954 ten, als wir jetzt nicht von freier Kunstbildung, sondern
203 1963 1269 2011 nur von der natürlichen Formation sprechen, wie sie, ohne
198 2020 1266 2067 Hinzutritt eines besonders bestimmenden Willens, von
199 2075 1259 2123 selbst hervorgeht. Demnach wird die Folge C-e-G...C-D-F-a,
