1444 2597
661 219 747 268 325
261 316 1233 359 127. Die Kürze erscheint als Länge an einem ihr
175 363 1227 410 vorausgehenden Theile, von welchem sie selbst das Dop¬
177 419 1234 476 pelte ist. Dann wird das zweite Moment der ungleichen
175 476 1231 514 Gliederung gegen die ihr vorangehende Länge sich als
178 524 1231 571 Kürze, gegen die vorangehende Kürze sich als Länge be¬
180 579 1225 627 stimmen und wird somit beide entgegengesetzte Bestim¬
177 636 1229 676 mungen der ungleichen Gliederung in sich vereinigt ent¬
175 675 306 731 halten.
260 739 1234 795 Die rhythmische Figur, welche aus dieser Bestimmung
174 788 1236 835 hervorgeht, ist eine aus Beethoven's 7. Symphonie uns
180 844 442 891 wohlbekannte:
168 1061 1229 1099 die hier in ihrer Eigenthümlichkeit und wesentlichen Ver¬
171 1108 1227 1155 schiedenheit von einer wirklichen doppel-dreitheiligen Tact¬
175 1164 1234 1204 art so consequent festgehalten wird, dass, obwohl der Tact
172 1212 1219 1259 dem Gebrauche nach mit ⁶⁄₈ bezeichnet ist, doch eine gleich¬
177 1268 1220 1308 dreitheilige Gliederung der Tacteshälfte, anstatt der un¬
182 1315 1233 1372 gleich-zweitheiligen, oder mit dieser verbunden, in dem
179 1372 1229 1427 ganzen langen Satze nicht einmal zum Vorscheine kommt.
175 1427 1235 1482 Das Erstere würde nur einen rhythmischen Wechsel be¬
177 1476 1235 1527 wirken, das Letztere aber die Natur der Tactart ganz auf¬
177 1531 295 1580 heben.
266 1580 1234 1627 128. Es ist leicht wahrzunehmen, dass in diesem
177 1636 1227 1691 Rhythmus das mittlere Moment, bei belebtem Vortrage,
181 1698 1226 1737 nicht ganz den vollen Werth des dritten Theiles vom ersten
177 1740 1239 1788 erhält: dass es kürzer gefasst, und überhaupt gar nicht auf
176 1796 1230 1842 das erste, sondern nur auf das dritte bezogen wird, wel¬
177 1848 1219 1900 ches durch dies zweite die entgegengesetzte Geltung erhal¬
174 1900 1229 1948 ten muss von der, die ihm gegen das erste zukommt; denn
169 1962 1239 2004 es hat das dritte Glied hier die doppelte Bedeutung der Kürze
170 2004 1236 2052 und Länge in sich zu fassen, und wird letztere durch das
176 2059 1230 2099 schärfer als Kürze bezeichnete Zwischenmoment gern hervor¬
