1444 2597
683 202 741 252 68
266 292 1241 340 92. Ein zweiter Accord, oder ein Accord der Folge
179 355 1231 404 wird in jeder Art vermittelter Fortschreitung, wenn der
176 412 1232 459 erste in der primären Dreiklangsform auftrat, eine andere
181 459 1241 500 Lage seiner Intervalle als diese primäre annehmen: er
174 506 1239 555 wird entweder Terz-Sext-, oder Quart-Sext-Accord
172 564 1234 603 sein; denn seine Lage ist keine selbständige, sondern eine
182 611 433 668 Folgebedingte.
261 667 1234 715 93. Wenn, die Dreiklangsfolge aus diesen secundären
179 723 1230 770 Accordlagen weiter geführt werden soll, und der nächst¬
175 771 1230 819 folgende Dreiklang ist ein in zwei Tönen oder in einem
178 828 1224 875 Tone verwandter, so ergibt sich die melodische Fortschrei¬
173 883 1234 924 tung der Stimmen von selbst, indem das beiden Accorden
181 931 1230 979 Gemeinschaftliche in seiner Stelle bleibt, das differente
179 988 1240 1042 durch auf- oder abwärts gehende Secundfortschreitung
182 1044 1230 1082 erlangt werden kann. Ist der folgende Dreiklang aber ein
175 1091 1235 1139 nicht verbundener, so ist der secundäre Accord selbst erst
174 1147 1233 1185 auf einen primären zu beziehen, der mit dem neu zu er¬
182 1196 1222 1249 greifenden verwandt ist, und die Folge aus dem secun¬
183 1252 1231 1307 dären nach diesem letzteren kann wieder nur so geschehen,
178 1308 1231 1347 wie sie aus dem primären, als dessen Folge der secundäre
172 1359 847 1404 betrachtet wird, hervorgehen müsste.
266 1411 1236 1459 94. Der secundäre Accord wird aber immer von zwei
178 1459 1238 1515 verschiedenen primären hergeleitet werden können; einmal
185 1515 1221 1564 aus dem, der den tiefsten Ton des secundären zum Grund¬
186 1572 1232 1610 tone hat, und dann aus dem, der den höchsten Ton des¬
181 1620 1239 1668 selben zur Quint hat: so kann z. B. der Sextaccord C-e-a
180 1676 1239 1722 entstanden sein aus dem Dreiklange C-e-G, oder aus dem
182 1724 1243 1771 Dreiklange D|F-a; der Quartsextaccord h-e-G aus dem
176 1779 1228 1826 Dreiklange h-D|F, oder aus dem Dreiklange C-e-G. Der an¬
186 1835 1228 1875 zuschliessende, mit dem secundären Accorde nicht verbun¬
181 1885 1240 1931 dene Dreiklang wird jedesmal selbst bestimmen, welche
184 1940 1119 1987 von beiden Herleitungen in Anspruch zu nehmen ist.
261 1995 1240 2035 95. In der dritten Art der obigen Fortschreitungen, aus
179 2044 1249 2086 dem Dreiklange der Tonica nach den verminderten Drei¬
