1444 2597
653 212 728 258 331
162 315 1209 355 solche an ihr zu erkennen ist und ihrer Dauer nach be¬
161 356 1217 403 stimmbar wird, verliert der Rhythmus den Character dieser
152 412 1211 459 Bewegung: dieser verlangt eben eine scharfe Contraction
157 460 1219 507 dieses Zwischenmomentes, gegen welches der folgende
156 515 1212 564 Zeittheil immer als accentuirter, abgesehen von seiner son¬
159 578 1208 626 stigen metrischen Dauer und Bedeutung, erscheinen muss;
157 620 1216 667 so dass die Accentbestimmung für sich besteht und sich
154 682 1210 724 nicht wesentlich verändern kann, nachdem die auf eine
156 731 1212 787 solche Kürze folgende Zeit eine metrisch lange oder kurze,
164 780 777 827 eine betonte oder nicht betonte ist.
255 913 1108 963 Analoges in harmonisch-melodischer Bestimmung.
240 996 1210 1042 136. Wir können diese rhythmische Gliederung, die
154 1052 1203 1100 eine metrische Bedeutung nicht hat, und nicht haben kann,
156 1100 1207 1148 indem sie hier wie im ungleichzeitigen Rhythmus nur das
162 1154 1206 1202 Glied als fertige metrische Bestimmung trifft, den melodisch
151 1205 1200 1251 durchgehenden, vor- oder nachschlagenden Tönen verglei¬
158 1260 1207 1305 chen, die allerdings immer nur in harmonischer Bestimm¬
153 1315 1213 1356 ung ihr Herkommen und Dasein erhalten haben; — wie sie
157 1364 1206 1419 eben als solche bestimmte Töne auch nur zu notiren sind,
150 1419 1205 1475 — sie treten aber hier nicht in ihrer Accordbeziehung auf,
153 1468 1206 1515 sondern eben als nicht-harmonische, dem bestehenden
153 1523 1198 1570 Accorde nicht angehörige Töne. In dieser negativ-harmo¬
153 1572 1210 1619 nischen Bedeutung sind sie positiv-melodische, sie sind me¬
156 1627 1213 1675 lodisch-verbindende, indem sie harmonisch-trennende sind.
237 1684 1203 1722 137. Die Aufeinanderfolge zweier Accordtöne, z. B.
149 1738 1214 1787 C..e auf ruhendem C-Dur- oder a-Molldreiklange, ist
149 1795 1206 1835 eine melodische, insofern die Töne eben nacheinander auf¬
152 1835 1206 1883 treten; sie könnten aber auch zugleich erklingen, oder der
154 1899 1212 1938 erste zu dem zweiten fortklingen: sie bilden eine successive
141 1947 339 1985 Harmonie.
233 1996 1208 2037 138. Der Uebergang C..D..e, zu ruhendem Drei¬
141 2044 1214 2091 klange, hebt in der Melodie den Fortklang des ersten zu dem
