1444 2597
676 236 747 275 232
173 329 1237 371 versucht sein, eine Weiterbildung in der Weise der drei¬
180 380 1229 435 gliedrigen Formation durch ineinanderliegende Paare zu¬
174 427 1234 481 lässig finden zu wollen, um durch fortgesetzte Hälften¬
170 489 1232 530 verkettung auch metrische Einheiten von mehr als vier
181 539 652 588 Zeiten entstehen zu lassen.
272 755 1242 796 Wir haben aber gesehen, dass mit dem Eintritte des
183 818 1235 860 vierten Gliedes die Trennung des ersten Paares, die im
175 868 1239 915 dritten Zeitmomente entstanden war, wieder aufgehoben
178 908 1235 953 worden ist: das Paar ist wieder Ganzes geworden, das
177 977 1244 1020 also nun auch nur in dem ganz aus sich herausgestellten
182 1020 1238 1067 anderen Paare sein Zweites, seinen Gegensatz finden
183 1076 1237 1123 kann; so dass eine solche Hälftengliederung eben nur
177 1128 1236 1171 dreizeitig sich metrisch verbindet, mit der vierten Zeit
179 1179 1236 1226 aber die Bestimmung des Ganzen in seinen Theilen ge¬
180 1235 1233 1275 schlossen ist, und zu einer weiteren Formation das Ganze
180 1292 1157 1331 nun selbst in die Bedeutung des Theiles treten müsste.
266 1339 1236 1395 22. Es wird somit von selbst einleuchten, dass Etwas,
182 1388 1233 1435 das über das vierte Glied, über das Ende des zweiten
175 1444 1236 1491 Paares hinausreicht, indem es auf das Innere des ersten
177 1499 1236 1540 Paares einen Einfluss nicht mehr ausüben kann, mit die¬
178 1556 1226 1595 sem als solchem auch nicht mehr in einem organi¬
173 1603 1233 1651 schen Einheitsverhältnisse wird stehen können, dass also
180 1659 1234 1707 eine weitere, als die viertheilige metrische Formation
180 1708 1235 1755 ausser dem Begriffe der Einheit liegt, mithin in Zwei¬
172 1763 1232 1812 heit zerfällt. Ein metrisch-Fünftheiliges kann nicht an¬
177 1820 1245 1866 ders als aus Zwei- und Dreitheiligem zusammengesetzt
172 1867 932 1915 verstanden werden, als 2 + 3 oder 3 + 2.
