1444 2597
703 219 794 260 356
217 308 1288 355 die sich im Hexameter normal als eine in den Gliederpaaren
217 364 1122 418 positive, d. h. auf der ersten Zeit betonte äussert:
212 595 1275 632 Die Dipodieen selbst aber verhalten sich im ersten Halb¬
219 643 1288 686 verse der Gliedbetonung entgegen; die zweite Dipodie ist
212 700 437 747 die betonte:
213 876 1240 914 Im zweiten Halbverse ist die erste Dipodie die betonte:
219 1060 1281 1107 der Accent der ersten Hälfte liegt auf der zweiten Zeit, in
220 1118 970 1158 der zweiten Hälfte trägt ihn die erste Zeit.
305 1163 1287 1212 Sonach erscheint das Schema des Ganzen in dieser
220 1220 366 1267 Gestalt:
306 1579 1286 1627 Dass die daktylische Gliederung nicht jedem Trochäen
223 1629 1286 1675 ertheilt wird, ist bekannt. Der vorletzte wird sie ungern
221 1690 1276 1731 entbehren, der dritte dagegen um so lieber, als in diesem
216 1746 1279 1780 normal die Hauptcäsur eintritt, die Kürze dieses Trochäen
221 1794 1286 1843 sich mit der Länge des folgenden zum jambischen Anfange
225 1844 1279 1883 der zweiten Vershälfte verbindet und diese als eine jam¬
225 1891 1015 1939 bische der trochäischen ersten entgegensetzt.
309 1947 1277 1991 178. Dem Hexameter schliesst sich im elegischen Me¬
221 1996 1276 2043 trum der Pentameter an. Er ist der weibliche Hexame¬
228 2052 1283 2099 ter. In tripodisch-dimetrischer Beschaffenheit dem ersten
223 2107 1287 2164 Verse gleich, ist der Pentameter diesem darin entgegenge¬
