1444 2597
624 227 719 274 253
139 327 1206 370 zweiten, in B. a) auf der dritten, in B. b) auf der vier¬
141 372 290 419 ten Zeit.
189 467 1135 515 c) Im dreizeitigen Metrum, auf das doppel-zweizeitige
594 516 745 571 bezogen.
224 596 1200 642 51. Das dreizeitige Metrum ist an sich schon eine in
134 658 1199 698 zwei verbundenen Ordnungen bestehende Formation. Es
140 700 1202 748 enthält ein Paar von Paaren, dessen zweites in der Mitte
137 755 481 812 des ersten beginnt:
218 931 1190 978 Damit hat es eben doppelte Accentbestimmung: die
138 987 1194 1036 eine, für die einzelnen Glieder in den Paaren, und die
138 1044 1196 1083 andere für die Paare selbst. Die Paare können hier in der
137 1091 1184 1147 positiven Folge, als erstes und zweites, oder in der ne¬
136 1154 1183 1203 gativen, als zweites und erstes, nebeneinander, oder viel¬
138 1204 563 1258 mehr ineinander liegen:
124 1412 1199 1459 Die Glieder werden ebenso in positiver oder negativer Folge
128 1468 770 1507 sich zu einander verhalten können:
216 1699 1189 1746 Aus diesen verschiedenen Bestimmungen für die Glie¬
132 1756 1199 1803 der beider Ordnungen ergeben sich, in Bezug auf den
137 1804 1203 1851 Accent, wieder vier verschiedene Arten der Betonung im
133 1860 498 1907 dreizeitigen Metrum.
213 1916 1189 1971 52. Es wird aber jede Accentbestimmung des drei¬
134 1971 1184 2011 zeitigen Metrums ihre Herleitung immer in einer Accent¬
137 2019 1192 2070 bestimmung des doppel-zweizeitigen finden können; denn
130 2080 1189 2123 das dreizeitige Metrum ist eben nur ein zusammengezo¬
