<?xml version="1.0" encoding="UTF-8" standalone="yes"?>
<PcGts xmlns="http://schema.primaresearch.org/PAGE/gts/pagecontent/2013-07-15" xmlns:xsi="http://www.w3.org/2001/XMLSchema-instance" xsi:schemaLocation="http://schema.primaresearch.org/PAGE/gts/pagecontent/2013-07-15 http://schema.primaresearch.org/PAGE/gts/pagecontent/2013-07-15/pagecontent.xsd">
    <Metadata>
        <Creator>prov=University of Rostock/Institute of Mathematics/CITlab|PLANET AI GmbH/Gundram Leifert/gundram.leifert@planet-ai.de:name=ONB_Newseye_GT_M1+(htr_id=10810)::::v=2.6.7
prov=University of Rostock/Institute of Mathematics/CITlab|PLANET AI GmbH/Tobias Gruening/tobias.gruening@planet-ai.de:name=de.uros.citlab.module.baseline2polygon.B2PSeamMultiOriented:v=2.6.7
prov=University of Rostock/Institute of Mathematics/CITlab|PLANET AI GmbH/Tobias Gruening/tobias.gruening@planet-ai.de:name=/net_tf/LA73_249_0mod360.pb:de.uros.citlab.segmentation.CITlab_LA_ML:v=2.6.6
Transkribus</Creator>
        <Created>2021-02-02T15:22:41.019+01:00</Created>
        <LastChange>2021-03-22T15:15:07.541+01:00</LastChange>
        <TranskribusMetadata docId="764523" pageId="28719269" pageNr="343" tsid="63342762" status="NEW" userId="74363" imgUrl="https://files.transkribus.eu/Get?id=UYJIYDCZDOEVFEZKZWIRKYBT&amp;fileType=view" xmlUrl="https://files.transkribus.eu/Get?id=WROHHUPZENVHVAGOAZUBGWPQ" imageId="22439774"/>
    </Metadata>
    <Page imageFilename="Hauptmann1853-0352.jpg" imageWidth="1444" imageHeight="2597" type="content">
        <ReadingOrder>
            <OrderedGroup id="ro_1630595929517" caption="Regions reading order">
                <RegionRefIndexed index="0" regionRef="TextRegion_1612905359719_5288"/>
                <RegionRefIndexed index="1" regionRef="TextRegion_1612905359719_5287"/>
                <RegionRefIndexed index="2" regionRef="TextRegion_1612905357079_5283"/>
                <RegionRefIndexed index="3" regionRef="TextRegion_1612905351063_5279"/>
            </OrderedGroup>
        </ReadingOrder>
        <TextRegion orientation="0.0" type="page-number" id="TextRegion_1612905359719_5288" custom="readingOrder {index:0;} structure {type:page-number;}">
            <Coords points="133,250 1188,250 1188,301 133,301"/>
            <TextLine id="r2l1" custom="readingOrder {index:0;}">
                <Coords points="616,276 624,276 635,284 669,282 686,285 689,282 698,282 700,244 618,245"/>
                <Baseline points="623,276 657,277 692,279"/>
                <TextEquiv>
                    <Unicode>333</Unicode>
                </TextEquiv>
            </TextLine>
            <TextEquiv>
                <Unicode>333</Unicode>
            </TextEquiv>
        </TextRegion>
        <TextRegion orientation="0.0" type="paragraph" id="TextRegion_1612905359719_5287" custom="readingOrder {index:1;}">
            <Coords points="133,301 1188,301 1188,703 133,703"/>
            <TextLine id="r2l2" custom="readingOrder {index:0;}">
                <Coords points="132,380 1194,380 1194,348 1039,332 133,339"/>
                <Baseline points="139,369 191,370 243,370 296,370 348,371 401,371 453,371 506,371 558,370 611,370 663,370 715,370 768,370 820,370 873,370 925,371 978,371 1030,371 1083,372 1135,372 1188,373"/>
                <TextEquiv>
                    <Unicode>Bestimmung entsprochen ist, der Terzbegriff, der das Halbe</Unicode>
                </TextEquiv>
            </TextLine>
            <TextLine id="r2l3" custom="readingOrder {index:1;}">
                <Coords points="131,435 1188,436 1188,396 1139,387 1111,415 976,388 131,397"/>
                <Baseline points="137,423 189,423 241,423 293,423 345,423 398,423 450,423 502,423 554,423 606,423 659,423 711,423 763,423 815,423 867,423 920,424 972,424 1024,424 1076,425 1128,425 1181,426"/>
                <TextEquiv>
                    <Unicode>auch als Ganzes, das Secundäre auch als Primäres, das</Unicode>
                </TextEquiv>
            </TextLine>
            <TextLine id="r2l4" custom="readingOrder {index:2;}">
                <Coords points="128,481 1191,490 1191,452 1150,444 128,443"/>
                <Baseline points="134,475 186,476 239,476 291,476 344,476 396,475 449,475 501,475 554,475 606,475 659,475 712,475 764,475 817,475 869,476 922,476 974,476 1027,477 1079,478 1132,479 1185,480"/>
                <TextEquiv>
                    <Unicode>Accentlose auch als Accentuirtes will erscheinen lassen, der</Unicode>
                </TextEquiv>
            </TextLine>
            <TextLine id="r2l5" custom="readingOrder {index:3;}">
                <Coords points="128,539 1195,539 1195,513 1100,491 128,502"/>
                <Baseline points="135,528 187,528 240,528 292,528 345,528 398,528 450,528 503,528 556,528 608,528 661,528 714,529 766,529 819,529 872,529 924,529 977,529 1030,530 1082,530 1135,530 1188,531"/>
                <TextEquiv>
                    <Unicode>überall die getrennten Momente des Gegensatzes in ihrem</Unicode>
                </TextEquiv>
            </TextLine>
            <TextLine id="r2l6" custom="readingOrder {index:4;}">
                <Coords points="135,593 1190,595 1190,555 1103,548 411,572 135,547"/>
                <Baseline points="141,577 193,578 245,580 297,580 349,581 401,581 453,581 505,581 557,581 609,581 662,581 714,581 766,581 818,581 870,581 922,581 974,582 1026,582 1078,583 1130,584 1183,585"/>
                <TextEquiv>
                    <Unicode>Verbundensein, wie in ihrem Fürsichsein bestimmt wissen</Unicode>
                </TextEquiv>
            </TextLine>
            <TextLine id="r2l7" custom="readingOrder {index:5;}">
                <Coords points="130,638 1192,648 1166,603 130,610"/>
                <Baseline points="137,635 189,635 241,635 294,635 346,635 399,635 451,635 504,635 556,635 609,635 661,635 713,635 766,635 818,635 871,635 923,635 976,636 1028,636 1081,637 1133,638 1186,639"/>
                <TextEquiv>
                    <Unicode>will, sich auch hier in der räumlichen Gliederung als letzte</Unicode>
                </TextEquiv>
            </TextLine>
            <TextLine id="r2l8" custom="readingOrder {index:6;}">
                <Coords points="134,698 207,707 536,699 536,667 480,651 461,662 382,653 362,666 251,664 222,652 179,664 134,652"/>
                <Baseline points="140,688 165,688 191,687 217,687 243,687 269,687 295,687 321,687 347,687 373,687 399,687 425,687 451,687 477,687 503,687 529,687"/>
                <TextEquiv>
                    <Unicode>Bestimmung einfinden.</Unicode>
                </TextEquiv>
            </TextLine>
            <TextEquiv>
                <Unicode>Bestimmung entsprochen ist, der Terzbegriff, der das Halbe&#13;
auch als Ganzes, das Secundäre auch als Primäres, das&#13;
Accentlose auch als Accentuirtes will erscheinen lassen, der&#13;
überall die getrennten Momente des Gegensatzes in ihrem&#13;
Verbundensein, wie in ihrem Fürsichsein bestimmt wissen&#13;
will, sich auch hier in der räumlichen Gliederung als letzte&#13;
Bestimmung einfinden.</Unicode>
            </TextEquiv>
        </TextRegion>
        <TextRegion orientation="0.0" type="paragraph" id="TextRegion_1612905357079_5283" custom="readingOrder {index:2;}">
            <Coords points="133,703 1188,703 1188,1500 133,1500"/>
            <TextLine id="r2l9" custom="readingOrder {index:0;}">
                <Coords points="224,754 1190,755 1190,715 1141,707 224,707"/>
                <Baseline points="231,741 278,740 326,740 373,739 421,739 469,739 516,739 564,739 611,739 659,739 707,740 754,740 802,741 849,741 897,742 945,742 992,743 1040,743 1087,744 1135,744 1183,744"/>
                <TextEquiv>
                    <Unicode>140. Die Höhe ist erst Einheit, ist Ganzes; gliedert</Unicode>
                </TextEquiv>
            </TextLine>
            <TextLine id="r2l10" custom="readingOrder {index:1;}">
                <Coords points="129,803 1180,812 1180,763 129,771"/>
                <Baseline points="136,793 187,793 239,793 291,793 343,793 395,793 447,793 499,793 551,793 603,793 655,793 706,793 758,793 810,794 862,794 914,794 966,795 1018,796 1070,796 1122,797 1174,798"/>
                <TextEquiv>
                    <Unicode>sich dann innerhalb ihrer selbst in ungleiche Zweiheit,</Unicode>
                </TextEquiv>
            </TextLine>
            <TextLine id="r2l11" custom="readingOrder {index:2;}">
                <Coords points="127,867 1184,850 1151,812 127,821"/>
                <Baseline points="133,845 185,846 237,846 289,847 341,847 394,847 446,847 498,847 550,847 602,847 655,847 707,847 759,847 811,847 863,847 916,847 968,848 1020,848 1072,849 1124,849 1177,850"/>
                <TextEquiv>
                    <Unicode>positiver oder negativer Folge; dann aber will das unmit¬</Unicode>
                </TextEquiv>
            </TextLine>
            <TextLine id="r2l12" custom="readingOrder {index:3;}">
                <Coords points="126,907 1187,906 1104,861 126,868"/>
                <Baseline points="133,898 185,898 237,899 290,899 342,899 395,900 447,900 499,900 552,900 604,900 657,900 709,900 761,900 814,900 866,900 919,900 971,900 1023,900 1076,900 1128,900 1181,901"/>
                <TextEquiv>
                    <Unicode>telbare Beisammensein der zwei Momente dieser Bestimm¬</Unicode>
                </TextEquiv>
            </TextLine>
            <TextLine id="r2l13" custom="readingOrder {index:4;}">
                <Coords points="136,963 1185,963 1185,916 136,928"/>
                <Baseline points="143,951 194,952 246,952 298,953 350,953 401,953 453,953 505,953 557,953 608,953 660,953 712,953 764,953 815,953 867,953 919,953 971,953 1022,954 1074,955 1126,955 1178,956"/>
                <TextEquiv>
                    <Unicode>ung getrennt werden, um sich verbinden zu können: und</Unicode>
                </TextEquiv>
            </TextLine>
            <TextLine id="r2l14" custom="readingOrder {index:5;}">
                <Coords points="129,1019 1055,1027 1185,1019 1186,981 129,976"/>
                <Baseline points="136,1004 188,1005 240,1005 292,1006 344,1006 396,1006 448,1006 501,1006 553,1006 605,1006 657,1006 709,1006 761,1006 813,1006 866,1006 918,1006 970,1006 1022,1006 1074,1007 1126,1007 1179,1008"/>
                <TextEquiv>
                    <Unicode>diess geschieht hier durch kleinere Zwischenglieder, wie es</Unicode>
                </TextEquiv>
            </TextLine>
            <TextLine id="r2l15" custom="readingOrder {index:6;} textStyle {offset:26; length:4;italic:true; fontSize:0.0; kerning:0;}">
                <Coords points="127,1067 1186,1068 1186,1035 1132,1027 127,1028"/>
                <Baseline points="133,1060 185,1060 237,1059 289,1059 342,1059 394,1059 446,1059 499,1059 551,1059 603,1059 656,1059 708,1059 760,1059 812,1059 865,1059 917,1059 969,1059 1022,1059 1074,1059 1126,1059 1179,1060"/>
                <TextEquiv>
                    <Unicode>bei der melodischen Folge C..e durch den Durchgangston</Unicode>
                </TextEquiv>
            </TextLine>
            <TextLine id="r2l16" custom="readingOrder {index:7;} textStyle {offset:0; length:1;italic:true; fontSize:0.0; kerning:0;}">
                <Coords points="132,1123 1193,1122 1193,1092 1086,1076 132,1079"/>
                <Baseline points="139,1111 191,1112 243,1112 296,1112 348,1112 400,1112 453,1112 505,1112 557,1112 610,1112 662,1112 714,1112 767,1112 819,1112 871,1112 924,1112 976,1112 1028,1112 1081,1113 1133,1113 1186,1114"/>
                <TextEquiv>
                    <Unicode>D geschah und wie es bei der ungleichzeitigen rhythmischen</Unicode>
                </TextEquiv>
            </TextLine>
            <TextLine id="r2l17" custom="readingOrder {index:8;}">
                <Coords points="133,1173 1177,1175 1158,1139 1025,1131 133,1132"/>
                <Baseline points="140,1163 191,1164 243,1164 294,1165 346,1165 397,1165 449,1165 500,1165 552,1166 603,1166 655,1166 706,1166 758,1166 809,1166 861,1166 912,1166 964,1166 1015,1166 1067,1166 1118,1166 1170,1166"/>
                <TextEquiv>
                    <Unicode>Form durch das Zwischenglied der kleineren Kürze ge¬</Unicode>
                </TextEquiv>
            </TextLine>
            <TextLine id="r2l18" custom="readingOrder {index:9;}">
                <Coords points="136,1224 1191,1226 1167,1188 1100,1209 983,1180 136,1195"/>
                <Baseline points="143,1217 195,1217 247,1217 299,1217 351,1218 403,1218 455,1218 507,1218 559,1218 611,1218 664,1218 716,1218 768,1218 820,1218 872,1218 924,1218 976,1218 1028,1219 1080,1219 1132,1220 1185,1220"/>
                <TextEquiv>
                    <Unicode>schieht. Die übereinanderliegenden Hauptverhältnisse, die</Unicode>
                </TextEquiv>
            </TextLine>
            <TextLine id="r2l19" custom="readingOrder {index:10;}">
                <Coords points="134,1283 1192,1275 1087,1236 134,1244"/>
                <Baseline points="141,1271 193,1271 245,1271 297,1271 349,1271 402,1271 454,1270 506,1270 558,1270 610,1271 663,1271 715,1271 767,1271 819,1271 871,1271 924,1271 976,1271 1028,1272 1080,1272 1132,1272 1185,1273"/>
                <TextEquiv>
                    <Unicode>sich noch als unmittelbar auseinander hervorgehende an¬</Unicode>
                </TextEquiv>
            </TextLine>
            <TextLine id="r2l20" custom="readingOrder {index:11;}">
                <Coords points="133,1331 1192,1337 1192,1300 1140,1291 133,1298"/>
                <Baseline points="139,1322 191,1323 243,1323 295,1324 348,1324 400,1324 452,1324 505,1324 557,1324 609,1324 662,1324 714,1324 766,1324 818,1324 871,1324 923,1325 975,1325 1028,1325 1080,1326 1132,1327 1185,1328"/>
                <TextEquiv>
                    <Unicode>schauen lassen, erscheinen dann durch Zwischenglieder</Unicode>
                </TextEquiv>
            </TextLine>
            <TextLine id="r2l21" custom="readingOrder {index:12;}">
                <Coords points="133,1388 1187,1387 1154,1347 133,1354"/>
                <Baseline points="139,1376 191,1376 243,1376 295,1376 347,1376 399,1376 451,1376 503,1377 555,1377 607,1377 660,1377 712,1377 764,1377 816,1378 868,1378 920,1378 972,1378 1024,1379 1076,1379 1128,1380 1181,1380"/>
                <TextEquiv>
                    <Unicode>erst als vermittelte, verbundene, durch die Trennung, die</Unicode>
                </TextEquiv>
            </TextLine>
            <TextLine id="r2l22" custom="readingOrder {index:13;}">
                <Coords points="133,1443 1166,1443 1182,1413 133,1404"/>
                <Baseline points="139,1429 190,1429 242,1429 294,1429 346,1429 398,1429 449,1429 501,1429 553,1430 605,1430 657,1430 708,1431 760,1431 812,1431 864,1432 916,1432 967,1432 1019,1432 1071,1432 1123,1432 1175,1431"/>
                <TextEquiv>
                    <Unicode>sie hierdurch erhalten haben, nun eben erst als zusam¬</Unicode>
                </TextEquiv>
            </TextLine>
            <TextLine id="r2l23" custom="readingOrder {index:14;}">
                <Coords points="127,1491 198,1491 215,1505 250,1490 318,1490 329,1499 343,1491 376,1490 385,1499 439,1492 439,1459 279,1452 270,1461 127,1460"/>
                <Baseline points="133,1482 160,1482 187,1482 214,1483 241,1483 268,1483 296,1483 323,1483 350,1483 377,1483 404,1483 432,1483"/>
                <TextEquiv>
                    <Unicode>mengeschlossene.</Unicode>
                </TextEquiv>
            </TextLine>
            <TextEquiv>
                <Unicode>140. Die Höhe ist erst Einheit, ist Ganzes; gliedert&#13;
sich dann innerhalb ihrer selbst in ungleiche Zweiheit,&#13;
positiver oder negativer Folge; dann aber will das unmit¬&#13;
telbare Beisammensein der zwei Momente dieser Bestimm¬&#13;
ung getrennt werden, um sich verbinden zu können: und&#13;
diess geschieht hier durch kleinere Zwischenglieder, wie es&#13;
bei der melodischen Folge C..e durch den Durchgangston&#13;
D geschah und wie es bei der ungleichzeitigen rhythmischen&#13;
Form durch das Zwischenglied der kleineren Kürze ge¬&#13;
schieht. Die übereinanderliegenden Hauptverhältnisse, die&#13;
sich noch als unmittelbar auseinander hervorgehende an¬&#13;
schauen lassen, erscheinen dann durch Zwischenglieder&#13;
erst als vermittelte, verbundene, durch die Trennung, die&#13;
sie hierdurch erhalten haben, nun eben erst als zusam¬&#13;
mengeschlossene.</Unicode>
            </TextEquiv>
        </TextRegion>
        <TextRegion orientation="0.0" type="paragraph" id="TextRegion_1612905351063_5279" custom="readingOrder {index:3;} structure {type:paragraph;}">
            <Coords points="133,1500 1188,1500 1188,1869 133,1869"/>
            <TextLine id="r2l24" custom="readingOrder {index:0;}">
                <Coords points="220,1542 1187,1546 1152,1500 928,1499 902,1524 838,1499 220,1501"/>
                <Baseline points="227,1533 274,1534 322,1534 369,1535 417,1535 465,1536 512,1536 560,1536 608,1536 655,1536 703,1536 751,1536 798,1535 846,1535 894,1536 941,1536 989,1536 1037,1536 1084,1537 1132,1537 1180,1538"/>
                <TextEquiv>
                    <Unicode>Wie anziehend es auch sein möchte, das Princip der</Unicode>
                </TextEquiv>
            </TextLine>
            <TextLine id="r2l25" custom="readingOrder {index:1;}">
                <Coords points="137,1595 1192,1612 1192,1569 1128,1548 137,1556"/>
                <Baseline points="144,1587 196,1588 248,1588 300,1589 352,1589 404,1589 456,1589 508,1589 560,1588 612,1588 665,1588 717,1588 769,1588 821,1588 873,1588 925,1588 977,1589 1029,1590 1081,1591 1133,1592 1186,1593"/>
                <TextEquiv>
                    <Unicode>harmonischen und metrischen Gesetze in der Anwendung</Unicode>
                </TextEquiv>
            </TextLine>
            <TextLine id="r2l26" custom="readingOrder {index:2;}">
                <Coords points="132,1651 1193,1666 1193,1619 980,1603 820,1631 670,1605 132,1619"/>
                <Baseline points="139,1641 191,1641 243,1642 296,1642 348,1642 400,1642 453,1642 505,1642 557,1642 610,1641 662,1641 714,1641 767,1641 819,1641 871,1641 924,1641 976,1642 1028,1643 1081,1644 1133,1645 1186,1646"/>
                <TextEquiv>
                    <Unicode>auf eine gesetzliche Raumbestimmung, namentlich in Bezug</Unicode>
                </TextEquiv>
            </TextLine>
            <TextLine id="r2l27" custom="readingOrder {index:3;}">
                <Coords points="135,1708 1188,1714 1134,1660 135,1668"/>
                <Baseline points="142,1695 194,1695 246,1696 298,1696 350,1696 402,1695 454,1695 506,1695 558,1695 610,1694 662,1694 714,1694 766,1694 818,1694 870,1694 922,1694 974,1695 1026,1696 1078,1697 1130,1698 1182,1699"/>
                <TextEquiv>
                    <Unicode>auf architectonische Formation weiter verfolgen zu dürfen,</Unicode>
                </TextEquiv>
            </TextLine>
            <TextLine id="r2l28" custom="readingOrder {index:4;}">
                <Coords points="138,1755 1181,1755 1159,1716 138,1723"/>
                <Baseline points="144,1746 195,1747 247,1747 298,1748 350,1748 401,1748 453,1748 504,1748 556,1748 607,1748 659,1748 711,1748 762,1748 814,1747 865,1747 917,1747 968,1747 1020,1748 1071,1748 1123,1748 1175,1748"/>
                <TextEquiv>
                    <Unicode>so würde diess doch hier zu weit von unserem Wege abfüh¬</Unicode>
                </TextEquiv>
            </TextLine>
            <TextLine id="r2l29" custom="readingOrder {index:5;}">
                <Coords points="127,1812 1187,1811 1162,1771 127,1776"/>
                <Baseline points="133,1800 185,1801 237,1801 290,1801 342,1802 394,1802 447,1802 499,1802 551,1802 604,1802 656,1802 708,1802 761,1802 813,1802 865,1802 918,1802 970,1802 1022,1802 1075,1802 1127,1803 1180,1803"/>
                <TextEquiv>
                    <Unicode>ren, wesshalb es bei solchen allgemeinen Andeutungen sein</Unicode>
                </TextEquiv>
            </TextLine>
            <TextLine id="r2l30" custom="readingOrder {index:6;}">
                <Coords points="129,1866 559,1866 559,1838 540,1827 129,1819"/>
                <Baseline points="136,1853 162,1854 188,1854 214,1854 240,1855 266,1855 292,1855 318,1855 344,1855 370,1855 396,1855 422,1856 448,1856 474,1856 500,1856 526,1855 552,1855"/>
                <TextEquiv>
                    <Unicode>Bewenden haben muss.</Unicode>
                </TextEquiv>
            </TextLine>
            <TextEquiv>
                <Unicode>Wie anziehend es auch sein möchte, das Princip der
harmonischen und metrischen Gesetze in der Anwendung
auf eine gesetzliche Raumbestimmung, namentlich in Bezug
auf architectonische Formation weiter verfolgen zu dürfen,
so würde diess doch hier zu weit von unserem Wege abfüh¬
ren, wesshalb es bei solchen allgemeinen Andeutungen sein
Bewenden haben muss.</Unicode>
            </TextEquiv>
        </TextRegion>
    </Page>
</PcGts>
