1444 2597
660 251 734 299 161
169 348 1216 387 wir würden sonst ohne Zweifel, wie vom Terzdecimen-,
162 395 1219 443 auch vom Quintdecimen-, Septdecimen-Accorde u. s. w.
169 452 1228 499 Kunde erhalten. Es ist allerdings nicht schwer, in einer
170 508 1227 547 Reihe, die sämmtliche Töne der Tonart enthält, wenn man
168 555 1227 603 sich willkührliche Auslassungen dabei erlauben will, alle
173 612 1222 654 Accorde, die in dieser Tonart vorkommen können, zusam¬
160 660 1215 707 menzusetzen; nur wird damit noch keine harmonische Ge¬
161 716 1229 762 neration nachgewiesen. In neueren theoretischen Werken
161 763 1221 827 ist man von dieser Erklärungsweise gänzlich abgekommen,
171 820 1218 867 wie sie auch in älteren nicht anzutreffen ist; sie gehört einer
165 876 1227 932 Mittelzeit an und wird nur von Lehrern, die ihre Bildung
166 924 1111 971 in dieser erhalten haben, noch zuweilen vernommen.
358 1044 1015 1099 Nonenvorhalt vor dem Basstone.
251 1139 1219 1187 240. Es kann nur die Quint und der Grundton der
166 1188 1217 1236 Tonart als Basis einer Orgelpunctsharmonie auftreten, in¬
161 1244 1217 1291 dem diese beiden Töne nur einen Wechsel von Hauptaccor¬
168 1292 1224 1347 den über sich zulassen. Demnach wird nicht jeder Disso¬
158 1355 1223 1396 nanzaccord, in welchem ein dem Basstone in einer anderen
158 1412 1223 1452 Stimme vorgehaltener Ton, d. h. eine None, sich in die
170 1459 1226 1507 Octav des Basstones auflöset, als Orgelpunctsaccord zu
165 1507 1212 1555 betrachten sein; denn ein solcher Vorhalt kann auf je¬
165 1565 1220 1611 der Stufe der Leiter vorkommen. Der Orgelpunctsac¬
164 1612 1220 1667 cord nimmt vielmehr hier nur Theil an der Eigenschaft,
164 1667 1218 1715 in welcher der tiefste Ton jeder Harmonie in anderer
165 1723 1224 1772 Stimme einen Vorhalt gestattet, so dass wir bei gehöriger
157 1776 1217 1819 Vorbereitung den Accord e-G-C-F mit der Auflösung des
160 1827 1220 1875 F nach e zulässig finden, in dieser wie in jeder anderen
164 1875 1221 1931 Vertheilung der über dem Basstone liegenden Stimmen;
168 1931 1219 1980 was er nicht ist, wenn e als Ober- oder Mittelstimme und
161 1988 1219 2042 gleichzeitig F als Vorhalt dieses Tones im Accorde enthal¬
164 2036 1216 2083 ten sein sollte. Der Dissonanzaccord G-C-F steht eben hier
161 2092 1221 2147 auch selbständig über dem Basstone e, und die Auflösung
