1444 2597
691 228 774 275 309
201 330 1265 370 von sechszehn Tacten bestehen; jeder für sich aber wieder
200 370 1254 420 sechszehntheilig sein. Ebenso in der Combination metrisch
196 436 1242 475 verschiedener Bestimmungen, des Zwei-, Drei- und Vier¬
196 476 1262 523 theiligen, wie dieselben sich leicht selbst erklären. So dass
197 539 1255 579 ein Sechstheiliges aus zwei dreitheiligen oder drei zwei¬
201 587 1260 643 theiligen Einheiten zusammengefasst, in oberster Ordnung
201 638 1248 691 ein Zwei- oder Dreifaches, in zweiter Ordnung ein Drei¬
205 698 1253 746 oder Zweifaches ist und weiter als Glied grösserer For¬
196 746 1256 795 mationen sowohl, wie in seinen Gliedern zu engerer
205 796 773 842 Gliederung bestimmt sein kann.
293 844 1267 891 103. Es bleibt die Theilung der Theile, soweit sie
201 900 1268 947 noch als metrische Bestimmung fasslich ist, eine jederzeit
205 955 949 995 dem metrisch-Gesetzlichen unterworfene.
289 1003 1266 1052 Eine Gliederung in 5, 7, 11, 13 gleiche Theile ist
209 1065 1269 1115 nicht denkbar. Anders ist es mit der Formation, welche
206 1121 1262 1155 sich zusammensetzend, vergrössernd bildet, in welcher ein
205 1163 1261 1210 Ganzes Theil wird, wie in der verkleinernden der Theil
201 1211 628 1256 Ganzes werden konnte.
286 1267 1256 1307 Wenn, nachdem einem Einfachen ein anderes Ein¬
204 1323 1268 1370 fache sich verbunden hat, diesem Zweifachen dann ein
200 1385 1268 1427 anderes Zweifache, dem Vierfachen ein Vierfaches, dem
209 1428 1262 1474 Achtfachen ein Achtfaches, dann dem Sechszehn-, Zwei¬
208 1483 1265 1524 unddreissig-, Vierundsechszigfachen und so fort, immer
209 1532 1264 1578 ein dem ganzen Vorausgegangenen Gleiches sich als noth¬
217 1587 1263 1634 wendiges Folgeglied anschliessen sollte, so würde, abge¬
204 1652 1270 1684 sehen noch von allen ästhetischen Bedingungen und nur die
206 1691 1268 1739 formelle Zulässigkeit betrachtet, eine solche Progression
208 1748 1266 1788 sehr bald in das Unübersehbare, Unfassliche hinaus¬
201 1796 322 1850 gehen.
295 1851 1268 1899 Wie der Klang in höchster Höhe und tiefster Tiefe
207 1900 1254 1947 eine Grenze der Vernehmbarkeit und Bestimmbarkeit fin¬
214 1955 1273 2003 det, so ist auch die Fasslichkeit metrischer Verhältnisse
208 2011 1270 2052 nach beiden Seiten, nach der Seite der Verkleinerung wie
209 2057 1259 2107 nach der Seite der Vergrösserung, eine nicht unbe¬
