1444 2597
648 235 715 282 25
156 325 1217 379 getrennten Gegensätzen und (III) in der Verbindung dieser
157 380 1151 435 Gegensätze zum Ganzen nachgewiesen und erkannt ist; —
157 436 1216 491 sodann aber wird es auch praktisch bestätigt, indem nicht
154 491 1212 532 nur dem Dreiklange sich etwas Consonantes nicht mehr
152 539 1213 587 hinzufügen lässt, sondern überhaupt auch jeder Ton in
153 596 1208 642 Bezug auf einen andern nur in der Bedeutung eines der drei
154 644 1217 691 Intervalle des Dreiklanges verstanden werden kann, wie an
144 700 1079 741 der Bildung der Tonleiter sich später ergeben wird. —
552 820 805 867 Dur-Tonart.
234 907 1219 950 17. Nachdem der Dreiklang in seinen drei Momenten
150 963 1213 1012 sich zu einem gegliederten Ganzen gestaltet, ist er eben
154 1021 1217 1068 wieder Einheit geworden, und tritt mit seiner Ganzheit
153 1068 1204 1115 in die Bedeutung der Octav. Diese hat sich von Neuem in
149 1124 1205 1171 ihre Quint zu entzweien, in ihrer Terz zu einer concreten
152 1179 971 1219 Einheit höherer Ordnung wieder herzustellen.
233 1228 1204 1274 18. Der Quint-Begriff für die Octav-Einheit des
148 1284 1206 1331 Dreiklanges wird wieder darin bestehen, dass dieser sich in
149 1340 1207 1396 sich selbst entzweie, in entgegengesetzte Bestimmung zu
150 1389 1201 1435 sich trete. Dies geschieht durch zwei andere Dreiklänge, dem
146 1444 1195 1490 der Unter-Dominant und dem der Ober-Dominant,
150 1499 1200 1555 von denen der erste den Grundton des gegebenen als Quint,
154 1548 1211 1594 der andere dessen Quint als Grundton enthält. Dadurch
155 1609 1202 1652 kommt der zuerst gesetzte Dreiklang mit sich selbst in
152 1660 1203 1706 Gegensatz oder Widerspruch, denn er ist in der ersten
154 1708 1193 1755 Stellung selbst Oberdominant-, in der andern Unterdomi¬
144 1763 1211 1810 nant-Accord geworden, und ist damit an sich aus der selb¬
149 1820 1214 1867 ständigen Octaveinheit in die Bedeutung der Quint¬
140 1875 603 1931 zweiheit übergegangen.
233 1924 1207 1980 19. Der verbindende, den Widerspruch aufhebende
149 1979 1201 2024 Terzbegriff lässt nun den in entgegengesetzten Bestim¬
151 2042 1212 2083 mungen von sich geschiedenen Dreiklang diese zugleich in
143 2091 1206 2132 sich zusammenfassen, das passive Dominant-sein in das
