1444 2597
622 258 709 300 319
126 349 1202 394 noch nicht ist — zusammengenommen erst den Begriff des
134 403 680 450 Zeitbildes verwirklichen kann.
222 452 1192 499 114. In der Raumbestimmung sind der Horizontal¬
132 508 1198 555 dimension, wenn sie als Basis zu betrachten ist, die
143 564 1184 604 symmetrischen Gleichheitsverhältnisse, der Verticaldimen¬
137 619 1190 659 sion progressive, zu- oder abnehmende naturgemäss. Wenn
144 667 1197 715 wir ein Gebäude anschauen, so wird es uns als eine aus
136 717 1197 764 der in ihrer ganzen Breite vorausgesetzten Grundlage von
140 771 1200 820 Unten nach Oben entstandene Bildung erscheinen. In ihren
135 827 1184 866 Horizontalverhältnissen ist sie ein zweiseitig Gleiches,
142 875 1199 925 symmetrisch zusammen- und zugleich-Gemessenes, ein
138 932 1195 979 räumlich-Seiendes. In ihren Verticalverhältnissen ein
137 987 1198 1027 successives, progressives, wachsendes, räumlich-Wer¬
138 1036 307 1083 dendes.
227 1084 1195 1146 115. Im Elemente der Klangbestimmung findet der¬
140 1154 1197 1186 selbe Gegensatz, den uns der Raumbegriff in der Horizon¬
137 1196 1193 1242 tal- und Verticalbestimmung bietet, nämlich der des
137 1242 1192 1292 Gleichzeitigen und des Nichtgleichzeitigen, des Seins und
140 1301 1197 1348 des Werdens, sich wieder als Gegensatz von Harmonie und
141 1355 1196 1395 Melodie, von Zusammenklang und Folge, Beides für sich
140 1410 1195 1459 genommen, oder in der Verbindung als Zusammenklang
145 1461 947 1507 von Folgen und Folge von Zusammenklängen.
232 1507 1194 1555 116. Der harmonische Begriff setzt Grundton und
144 1564 1200 1612 Quint, C—G, im Zusammenklange, als gleichzeitiges, als
142 1616 1204 1659 Raum-Intervall. Der melodische Begriff setzt Grundton und
151 1668 1195 1722 Quint als Zeit-Intervall, als Folge. In der melodischen Fort¬
143 1723 1190 1771 schreitung C..D, ist C Grundton zu G, und D Quint zu G,
141 1779 1196 1827 welches somit erst selbst Quint war, dann Grundton
148 1828 1203 1874 wurde, und überhaupt die Einheit ist, an der die
142 1875 1206 1922 Verschiedenheit der beiden aufeinanderfolgenden Töne
147 1932 1201 1979 C..D eine verständliche wird, und an welcher ihr Zusam¬
136 1978 1196 2035 menklang eine verständliche Dissonanz sein würde: C-D
146 2044 1203 2083 zusammenklingend, als Harmonie gesetzt, muss denselben
147 2091 1195 2140 Widerspruch enthalten, den wir erhalten, wenn wir Gan¬
