1444 2597
674 236 755 283 323
176 332 1240 379 Gliederung ihre Bestimmung zum Ganzen erst findet, ist
183 380 1238 427 demnach diese letztere wieder eine vierfach-verschieden
180 440 1236 492 zu betonende. Sie kann enthalten sein: A. a) als positive
186 491 1241 533 im metrisch-Positiven, b) als negative im metrisch-Posi¬
178 540 1242 587 tiven, B. a) als positive im metrisch-Negativen, und b) als
176 596 766 644 negative im metrisch-Negativen:
175 956 1236 1011 Die drei Momente der ungleichzeitigen Gliederung,
179 1011 1238 1067 entsprechend den drei metrischen Momenten der
173 1075 1240 1123 zwei-, drei- und vierzeitigen Einheit; ebenso den
281 1131 1129 1180 harmonischen der Octav, Quint und Terz.
260 1240 1234 1275 123. Da die ungleichzeitige Gliederung sich nur am
179 1284 1233 1331 Gliede der metrisch-gleichzeitigen Bestimmung entwickeln
179 1339 1233 1387 kann, so ist ihr extensiv mit diesem die Grenze gesetzt:
178 1395 1239 1435 die ungleichzeitige Bildung kann nur innerhalb des Gliedes
183 1444 1231 1498 geschehen. Wenn diese ungleichzeitige Gliederung des me¬
178 1500 1228 1542 trischen Gliedes für die rhythmische Bedeutung gleichzu¬
174 1548 1234 1595 setzen war der dreizeitig-metrischen, so wissen wir, dass
182 1605 1225 1651 die metrische Bestimmung nicht bei der dreizeitigen Forma¬
173 1660 1235 1700 tion, bei diesem Zweiheits- oder Quintmomente metrischer
180 1707 1232 1755 Bedeutung, stehen bleibt, dass sie erst im Vierzeitigen zu
182 1763 1230 1810 einheitlicher Ruhe, zu Vollendung und Abschluss gelangt.
177 1818 1221 1859 Ebenso wird auch für die rhythmisch-ungleichzeitige Glie¬
180 1868 1224 1915 derung noch ein Bestimmungsmoment übrig sein, in wel¬
180 1923 1213 1963 chem sie den Abschluss ihres Gliederungsprocesses findet.
259 1979 1240 2019 124. Dem Zweiheitsbegriffe entsprechend muss aber
179 2032 1242 2082 das Moment der ungleichen Theilung, wie sie jetzt noch
180 2075 1251 2122 erscheint, an ihr, als rhythmisches, gesetzt werden. Wie
