1444 2597
704 227 790 280 260
204 338 1272 371 annehme. Dann ist in jener das zweite Moment relatives
208 380 1281 427 zu dem ersten, das dritte relatives zu dem vierten und
218 436 1273 482 es stellt sich zugleich zwischen dem zweiten und dritten
218 493 1274 532 eine Relation her: denn es wird dieses zweite, unbeschadet
211 539 1276 587 seiner Relativität zu dem ersten, ein Positives zu dem drit¬
209 596 1276 642 ten. In der zweiten Form: 2—1—1—2, welche hier zwar
214 652 1278 692 nur zwei positive und verschieden accentuirte Momente in
219 700 1274 748 Folge setzt, würde bei Fortsetzung des Metrums auch die
216 755 1264 803 erste rhythmische Figur zum Vorschein kommen; da die¬
214 805 1273 852 selbe Folge der accentlosen Momente an den Grenzen der
218 859 956 907 Glieder höherer Ordnung wieder eintritt:
305 1084 1268 1130 Sonach gehen diese rhythmisch-viergliedrigen Bestim¬
220 1140 1274 1178 mungen eben von selbst in das dreizeitige Metrum über.
224 1187 1280 1235 Die hier gesetzte Unterscheidung der zusammentreffenden
216 1244 1277 1291 relativen Momente verschwindet aber in der dreizeitigen
216 1300 1280 1339 Form dieses Metrums mit entgegengesetzten Paaren, damit
222 1347 1259 1404 auch der geringe Accent, der das erste der contrahirten Glie¬
224 1403 1276 1451 der gegen das zweite betont, und es entstehen für das drei¬
218 1452 1287 1499 zeitige Metrum wieder vier von den früheren verschiedene
226 1507 607 1563 Accentbestimmungen.
