1444 2597
651 235 727 275 361
152 324 1224 371 schieden der Quantität, welche in den Sprachsylben zum
152 379 522 434 Ausdrucke gelangen.
240 428 1220 474 184. Die Sprachrhythmik an sich, von der Metrik
160 483 1214 530 abgesehen, ist in ihren Quantitätsnüancen vergleichbar der
162 539 1225 589 Sprachmelodie, der Wort- und Sylbenbetonung in Absicht
158 587 1200 635 auf Höhe und Tiefe des Klanges. So wenig als diese in har¬
165 644 1207 694 monischer Intervallenbestimmung darzustellen sein würde,
161 698 1219 739 wiewohl sie eben auch den Sprachton sich heben und
161 755 1211 795 senken lässt; ebensowenig ist eine Bestimmung festzusetzen
162 803 1209 845 für die unendlichen Abstufungen und Uebergänge, in wel¬
163 852 1222 898 chen der Rhythmus der Redetheile sich den rein metrischen
160 907 1215 955 Formen nähert, mit ihnen zusammentrifft und wieder von
153 955 1220 1004 ihnen abweicht; indem er in der gemessenen Rede im
161 1011 1221 1059 Ganzen doch das Maass hält, und auch in den Gliedern
161 1068 865 1107 desselben Eins mit ihm zu sein scheint.
248 1115 1206 1163 Es würde aber geradehin absurd zu nennen sein,
161 1172 1208 1212 wenn man sich einbilden wollte, ein poetisch belebter Re¬
157 1220 1208 1265 devortrag müsse oder könne den mathematischen Formbe¬
161 1276 1205 1323 stimmungen einer starren Metrik sich überall genau an¬
157 1338 1214 1380 schliessen, oder diese selbst in aller Strenge darstellen. Die
155 1388 1211 1436 metrische Form ist das feste Skelett, das Knochengerüst, um
160 1428 1219 1476 welches das Weiche, dem das Leben innewohnt, sich bil¬
162 1483 1221 1531 det, in rundenden in sich selbst übergehenden Formen, die
158 1539 1213 1594 des festbestimmten Haltes wohl nicht entbehren können,
160 1597 1217 1643 diesen selbst aber nicht, oder doch nur in verhüllenden, in
156 1650 1219 1699 gemilderten, scheinbar sich selbst bestimmenden Umrissen
159 1700 485 1740 erscheinen lassen.
473 1804 903 1862 Quantität und Accent.
264 1877 1109 1922 Unterschied des antiken und des modernen Verses.
249 1964 1219 2011 185. Der antike Vers hat die sprachlichen Quantitäts¬
161 2019 1215 2061 bestimmungen zu seinem formellen Kunstelemente: Länge
160 2067 1218 2116 und Kürze der Sylben. Der moderne Vers setzt für die
149 2128 1224 2179 Länge die accentuirte, die logisch betonte Sylbe, für die
