1444 2597
681 220 755 266 247
197 316 1254 363 bleiben. So wird der stärkere Accent des ersten Gliedes
187 372 1244 417 dieses vor dem dritten, d. h. die erste Hälfte des Ganzen
188 425 1250 467 vor der zweiten hervorheben, und das zweite Glied mit
189 475 1251 531 seinem Gliedaccente sich als ein erstes seiner Ordnung
184 531 1248 579 bemerkbar machen, dessen zweites in die zweite Hälfte
189 579 1249 627 des Ganzen fällt, wodurch beide Hälften in innerlich ver¬
185 635 1246 683 bundener Einheit, und nicht blos, wie in der Doppel¬
195 691 1121 739 zweiheit, als aneinandergekettete Ganze erscheinen.
270 740 1248 788 Dieser Accent des zweiten Gliedes ist das characteri¬
190 795 1247 843 stische Moment für die Unterscheidung des vierzeitigen
189 851 1241 899 von dem doppel-zweizeitigen Metrum: des ⁴⁄₄ Tactes z. B.
188 899 1250 945 von dem wiederholten ²⁄₄ Tacte; des ¹²⁄₈ Tactes von dem
189 955 734 1011 wiederholten ⁶⁄₈ Tacte u. s. w.
276 1009 1249 1067 44. Da eine weitere als die vierzeitige Formation nicht
190 1065 1249 1107 mehr metrische Einheit sein kann, so ist mit dieser auch
192 1116 1252 1157 die Accentbestimmung geschlossen. Combinirte Metra, wie
194 1164 1242 1210 das doppel-zweifache, das doppel-dreifache, das dreifach-
185 1221 1254 1267 doppelte und das dreifach-dreifache, und ebenso die
193 1276 1246 1315 Combination des zwei- und dreifachen mit dem vierfachen
193 1323 1247 1371 und des letzteren mit sich selbst, werden in jeder der in
192 1379 1244 1427 ihnen ineinander bestehenden Ordnungen wieder den Ac¬
189 1436 1245 1475 centbestimmungen folgen, die für sie als allein bestehende
192 1484 1243 1538 gelten würden. Der Gliedaccent wird aber immer in dem
196 1539 1252 1587 des darüberstehenden Gliederpaares aufgehen, so dass
191 1589 1243 1642 dieser letztere für die Hauptgliederung bestimmend ist,
185 1644 1244 1691 und der Gliedaccent in der combinirten Formation nur da
192 1699 1240 1741 hervortreten kann, wo das Gliederpaar selbst keinen Ac¬
184 1762 1242 1796 cent hat; wie wir es bei dem zweiten Gliede des dreizei¬
190 1803 1112 1852 tigen und des vierzeitigen Metrums gefunden haben.
278 1860 1236 1907 45. Diese Darstellung der inneren und äusseren me¬
184 1913 1246 1955 trischen Verhältnisse kann vielleicht gesucht und künstlich
189 1964 1249 2012 erscheinen, Bedeutungen und Subtilitäten in die Sache
180 2020 1253 2063 tragend, die nicht darin liegen, einer vorgesetzten Theorie
176 2074 1244 2123 zu Liebe. — Wenn wir aber die Resultate betrachten, die
