1444 2597
672 225 733 266 121
171 317 1215 357 Herleitung aus dem Primären, aus dem Grundtone erhal¬
177 370 1217 410 ten mussten, so wird dieses Intervall hier zu dem Dreiklange
175 422 1217 462 auch eben sowohl aufsteigend als absteigend, überhaupt
180 473 1218 515 frei hinzutreten können, wie der Grundton eines jeden
171 527 1218 567 Septimenaccordes in auf- oder absteigender Bewegung, oder
182 580 1224 620 als neu hinzukommende Stimme zu dem Dreiklange treten
179 633 1213 673 konnte. Zu dem Dreiklange G-h-D als Oberdominant¬
176 685 1210 725 accord, wird, abgesehen von einer besonderen Art me¬
182 738 1206 778 lodischer Herleitung, F, der Grundton des Unterdominant¬
176 789 1216 830 accordes, kommen können, eben wie zu demselben Drei¬
172 844 1222 882 klange e, der Grundton des mit ihm Terz-verwandten
182 896 1226 934 e-Molldreiklanges eintreten kann. Nicht aber würde zu
179 948 1226 988 G-h-D, als tonischem Dreiklange, die Quint des
174 1003 1220 1040 h-Molldreiklanges, fis, anders hinzukommen können, als
179 1054 1223 1093 aus dem Grundtone G hervorgehend, eben wie zu dem
170 1106 1222 1146 Dreiklange G|B-d, die Quint F des darin enthaltenen B als
175 1159 1152 1198 Septime auch nur aus dem Grundtone G herzuleiten ist.
260 1208 1214 1251 181. Es wird also nach dem tonischen Dreiklange so¬
176 1262 1218 1304 wohl wie nach jedem anderen, der die Quint des toni¬
176 1315 1220 1355 schen Dreiklanges enthält, der Dominantseptimenaccord
174 1367 1220 1409 folgen, und die Septime eben so folgerichtig aufstei¬
179 1421 1222 1462 gend wie absteigend zu dem Grundtone treten können. Und
174 1474 1224 1514 so ist der Uebergang C-e-G...h-D-F-G, der dem Gehör
177 1526 1219 1567 sich als folgerechter ergibt, während andere ähnliche, wie
171 1578 1210 1620 z. B. D|F-a...C-e-G-a, e-G-h...D-F-a-h, unrichtig klin¬
178 1632 1216 1672 gen, eben nur ein Uebergang aus C-e-G nach h-D-G,
183 1685 1222 1725 und die dem letzten Accorde beitretende Septime F, ist
176 1739 1222 1777 aufsteigend aus dem e hergeleitet: eine Fortschreitung, die
176 1788 1220 1831 bei den anderen Uebergängen dieser Form nicht vorkom¬
172 1841 1220 1884 men kann, indem hier die Septime absteigend eingeführt
175 1892 1217 1936 sein will; wodurch aber mit der tiefsten Stimme Quint¬
175 1950 486 1990 parallele entsteht.
267 2001 1218 2042 182. Was nun, in Betreff dieser Folge C-e-G...h-D-F-G,
176 2054 1224 2097 die tonische Terz e dazu bestimmen soll, sich gleichzeitig
