1444 2597
695 227 778 277 264
204 323 1275 364 ist der Ton E zugleich positiver und negativer Grundton:
209 379 1177 420 er ist Grundton nach beiden entgegengesetzten Seiten.
296 427 1272 476 Metrisch entspricht dieser Doppelbestimmung die
201 483 329 524 Form:
208 697 1270 739 nämlich die Betonung der zweiten Zeit; ohne Nebenaccent
206 748 1269 796 auf der ersten und dritten; denn die Formation enthält
210 803 1262 843 nur eine (verschieden bestimmte) positive, und zwei rela¬
214 851 633 900 tive, accentlose Stellen.
299 908 1262 950 Wie aber in der Dreiklangsbildung wohl ein gemein¬
206 957 1267 1011 schaftliches Moment als positiver und negativer Grundton,
213 1012 1272 1060 nicht aber als positive und negative Quint vorkommt, so
209 1068 1272 1115 wird auch in metrischer Bildung, die ein positiv- und
209 1124 1268 1179 negativ-Erstes in Einem zulässt, ein positiv- und negativ-
204 1171 1068 1219 Zweites dieselbe Stelle nicht einnehmen können.
287 1228 1266 1283 Dieses metrisch zu begründen, möge im Folgenden
209 1276 460 1323 versucht sein.
297 1331 1264 1379 59. Wir können den metrischen Durbegriff uns als
204 1388 1258 1430 eine Beziehung des Gegenwärtigen zu einem Zukünf¬
210 1443 1268 1492 tigen, den metrischen Mollbegriff als eine Beziehung
210 1495 1261 1540 des Gegenwärtigen zu einem Vergangenen vor¬
204 1547 336 1596 stellen.
288 1596 1263 1658 Die Gegenwart ist in Beidem das Positive (I), Ver¬
201 1651 940 1708 gangenheit und Zukunft das Relative (II).
286 1708 1275 1753 Die metrisch-positive Folge, 1—2, verbindet ein
201 1762 1255 1811 Heut und Morgen; die metrisch-negative Folge, 2—1,
215 1818 1261 1860 verbindet ein Heut und Gestern. Sie geht nicht von
201 1866 1271 1923 Heut nach Gestern, sie geht von Gestern nach Heut; damit
203 1924 1266 1972 geht sie aber nicht vom Positiven aus, sondern vom Rela¬
204 1971 1261 2019 tiven: sie geht von einem der positiven Gegenwart Vor¬
204 2028 1271 2083 ausgesetzten (dem Auftacte) aus, und gelangt erst
197 2076 1267 2123 in ihrem zweiten Momente auf diese. Dass diese Folge das
