1444 2597
704 244 794 291 236
210 339 1275 396 gegen die Multiplication derselben, die Combina¬
208 395 1273 436 tion, in welcher das Zwei-, Drei- oder Vierfache wieder
211 453 1250 491 zwei-, drei- oder vierfach genommen wird, wo die zwei-,
208 499 1273 546 drei- oder viergliedrige Einheit selbst wieder zum Gliede
210 556 1270 596 einer zwei-, drei- oder viergliedrigen Einheit höherer
218 604 1267 650 Ordnung wird, immer nur naturgemässe, leichtfassliche
209 659 621 707 Metra resultiren lassen.
297 716 1265 754 Bei der Multiplication der Quantitäten metrischer Be¬
213 765 1265 811 stimmung wird die Quantität des Multiplicanden als Ein¬
213 819 1266 866 heit gesetzt und in dieser Qualität metrisch doppelt, drei¬
206 882 1266 930 oder vierfach zu einem Ganzen zusammengenommen. Dann
213 924 1261 971 hat jedes einzelne Moment einer solchen combinirten For¬
205 979 1269 1024 mation, als Glied im Gliede seine vom Ganzen ihm be¬
208 1035 1257 1076 stimmte Geltung zu diesem Ganzen und steht zu jedem an¬
206 1083 1196 1130 deren Gliede in einem bestimmten Wechselverhältnisse.
293 1132 1265 1187 25. In einem durch Addition des Geraden und Un¬
214 1195 1259 1246 geraden zusammengesetzten Metrum, im fünftheiligen z. B.,
212 1244 1262 1291 hat der einzelne Theil nur entweder als Hälfte des Zwei¬
212 1300 1263 1348 theiligen, oder als Dritttheil des Dreitheiligen seine me¬
215 1355 1266 1412 trisch-organische Bestimmung; er gehört dem Ganzen nicht
208 1404 1262 1450 in derselben Qualität an, ist in dem einen Gliede der Zu¬
208 1466 1263 1507 sammensetzung ein Anderes als in dem anderen. In dem
207 1516 1254 1555 durch Multiplication des Geraden und Ungeraden entstan¬
214 1563 1259 1611 denen Metrum, in dem aus zweimal-Drei, oder dreimal-
201 1620 1263 1667 Zwei gewordenen Sechstheiligen, hat jedes Sechstheil seine
201 1675 1260 1715 Bestimmung als Dritttheil der Hälfte, oder als Hälfte des
205 1724 1258 1771 Dritttheiles des Ganzen, — wenn wir es so ausdrücken
200 1786 1258 1835 dürfen: als Quint der Octav, oder als Octav der Quint des
204 1834 1260 1884 Grundtones der metrisch-sechsgliedrigen Einheit, und
201 1884 1256 1931 bleibt in jeder Stelle zu dem Ganzen Dasselbe. Im Fünf¬
196 1940 1255 1994 theiligen ist der einzelne Theil Octav des Zweitheiligen,
201 1995 1259 2035 Quint des Dreitheiligen; er ist von zweierlei Grundtönen
198 2056 1260 2099 anders bestimmt und bleibt verschieden an sich, unauf¬
198 2099 523 2153 gelöste Dissonanz.
