1444 2597
682 259 738 300 53
180 348 1227 403 der Oberdominant, und zwar als Secund des Grundtones;
177 407 1235 450 die dritte, in der Terz der Tonica; die vierte, im Grundtone
179 457 1225 515 der Unterdominant, als Quart des Grundtones; die fünfte,
179 508 1222 554 in der Quint der Tonica; die sechste, in der Terz der Un¬
183 563 1230 612 terdominant, als Sext des Grundtones; die siebente, in der
180 612 1234 659 Terz der Oberdominant; die achte, in der Octav der Tonica
174 668 1224 714 selbst. Dies ist die Reihe, in welcher die aufsteigende Be¬
177 723 1237 764 wegung des an sich unbestimmten Klanges den Intervallen
180 772 1229 819 der Tonart auf ihrem Wege begegnet und durch sie zu Stu¬
173 826 518 875 fen bestimmt wird.
260 883 1223 921 66. Die Tonleiter lässt in ihren Stufen die harmoni¬
177 931 1228 979 schen Intervalle in einer Ordnung erscheinen, die dem Be¬
172 994 1230 1039 griffe der Gleichzeitigkeit mit jedem neuen Momente der
177 1035 1232 1083 Folge widerspricht. Die zweite Stufe gehört einem anderen
177 1091 1236 1140 Dreiklange an als die erste, die dritte einem anderen als die
173 1148 1231 1193 zweite, und so fort. Hiermit ist aber eben der wesentlichen
180 1195 1230 1240 Bedeutung des Folgebegriffes entsprochen, der ein Nach¬
174 1254 1234 1308 einander, d. h. nach Einem Anderes bedingt. Damit
175 1313 1230 1363 aber das Nacheinander wirkliche zusammenhängende
174 1356 1224 1411 Folge sei, so ist zu seiner Verschiedenheit auch eine Einheit,
176 1412 1236 1459 ein gemeinschaftliches, bindendes Moment erforderlich, was
175 1467 1225 1506 im Uebergange, wenn wir diesen uns als einen räumlich¬
174 1522 1229 1564 zeitlichen vorstellen wollen, als Ende des Einen zum
173 1577 748 1619 Anfange des Anderen wird.
265 1620 1229 1667 67. Bei der ersten Secundfortschreitung in der C-Dur¬
180 1677 1229 1722 tonleiter, von C zu D, ist diese vermittelnde Einheit im Tone
173 1731 1230 1779 G enthalten. G ist zuerst die von C bestimmte Quint und
176 1780 1230 1828 wird dann bestimmender Grundton zu D. Die melodische
175 1835 1227 1882 Fortschreitung ist eben hier nur verständlich als Ausdruck
177 1891 1229 1947 für die Umwandlung, welche in G, aus der einen Bedeutung
177 1940 1230 1987 in die entgegengesetzte, vor sich geht. In der zweiten Se¬
177 2003 1240 2042 cundfortschreitung, von D nach e, ist G wieder aus der
180 2052 1236 2096 Grundtonsbedeutung in die der Quint übergetreten. Der
173 2100 1232 2146 Schritt e..F bestimmt sich auf gleiche Weise am Grundtone C.
