1444 2597
702 220 782 267 262
292 316 1270 363 Der Unterschied, welcher in der doppel-zweizeitigen
207 363 1273 412 Betonung des Metrums A. b) und B. b) vorhanden ist, hebt
206 425 1267 475 sich in den auf diese beiden sich beziehenden dreizeitigen
214 476 1272 522 metrischen Formen auf; indem hier die zwei verschieden
208 523 1265 570 betonten positiven Momente in Eins zusammengetreten
207 579 1264 628 sind. Es ist also für den Accent dieses Metrums gleich¬
215 635 1267 691 gültig, ob die Ordnung der oberen Glieder positiver oder
205 684 706 732 negativer Beschaffenheit sei.
293 739 1268 787 58. Indem für das dreizeitige Metrum durch die Be¬
205 802 1272 848 stimmung der entgegengesetzt-ineinanderliegenden Paare
207 843 1271 892 Betonungsarten resultiren, die unter den früheren noch
206 906 1264 947 nicht enthalten sind, — nämlich die des accentlosen
218 955 1266 995 Gliedes zwischen verschieden accentuirten, und die des
211 1009 1271 1050 accentuirten zwischen völlig accentlosen, — so erscheint
208 1060 1273 1106 die letztere als eine leicht eingängliche; wir kennen
209 1116 1257 1163 sie als den nur in einem Momente betonten Tripeltact,
212 1165 1266 1211 der dem accentuirten Momente ein accentloses voraus¬
209 1220 999 1275 gehen und ein eben solches nachfolgen lässt.
203 1460 1273 1505 Weit weniger wird aber die Betonungsart, welche das
208 1516 914 1554 accentlose Moment in der Mitte enthält:
209 1762 1273 1811 sich dem rhythmischen Gefühle als eine zwanglose ergeben
203 1814 1275 1851 wollen; das accentuirte Ende dieser Formation ist nicht
204 1868 1270 1908 willig, wieder einen accentuirten Anfang folgen zu lassen
202 1916 1260 1957 und man empfindet den doppelten Anstoss eines wieder¬
200 1972 1269 2010 holten Anfanges. Es beziehen sich hier zwei primäre
200 2019 1258 2068 Momente auf dasselbe secundäre, zwei positive auf das¬
197 2075 463 2124 selbe relative.
