1444 2597
651 251 704 299 31
142 352 1205 395 auch ihre äussere, Haupttonart unter Nebentonarten
144 405 1199 451 zu sein, gekommen ist, wie der in sich bestimmte Accord
147 451 1205 499 erst durch Nebenaccorde zu der Bestimmung als Haupt¬
142 508 825 564 accord in der Tonart gelangen konnte.
224 562 1198 603 29. Dieser Dreiklang von Tonarten hat seine Ver¬
148 612 1200 660 bindung, sein Verwandtschaftsmoment im tonischen Drei¬
146 667 1192 713 klange der mittleren Tonart, welcher in dieser als Tonica,
142 716 1201 764 in der Unterdominant-Tonart als Oberdominantaccord, in der
148 771 1178 820 Oberdominant-Tonart als Unterdominantaccord erscheint:
220 1092 1203 1129 30. Die in der einzelnen Tonart schon angeregte Accord¬
146 1146 1200 1186 verkettung kann nach beiden Seiten nun in das Unendliche
146 1196 1192 1244 sich fortbilden, und nachdem, wie es in der Tonartverbin¬
151 1251 1202 1299 dung mit Unter- und Oberdominant geschieht, immer ein
149 1301 1201 1348 folgender Dreiklang als Mitte für zwei Nebendreiklänge zu
146 1355 1204 1404 bestimmen sein wird, so erscheinen auch die Tonarten in das
147 1411 1195 1453 Unendliche in einander verkettet. Zu einem höheren Ein¬
145 1459 1200 1508 heitsbegriffe als dem der Tonart selbst, kann es aber nicht
141 1515 1209 1562 kommen, und zwar ebenso wenig, als der Dreiklang in sich
140 1572 1202 1619 selbst etwas zugesetzt erhalten könnte; denn wie dieser die
150 1619 1196 1667 vollständige Entwickelung des Dreiklangbegriffes nach In¬
141 1683 1201 1731 nen, so enthält die Tonart dieselbe nach Aussen: jener als
152 1732 1193 1777 Gleichzeitiges im Stillstande, als Accord, diese als Gleich¬
145 1781 1205 1827 zeitiges in der Bewegung, als Accordfolge. Auch die letzte
149 1835 1197 1890 Formation geht nicht über den Begriff der Tonart hinaus,
150 1892 1201 1937 sie setzt dieselbe nur als eine bestimmte unter andern
144 1948 1201 1994 Tonarten fest. Einer weitern Fortbestimmung von Tonarten,
145 1995 1208 2043 als der von beiden Dominanten, würde aber der directe
149 2052 1209 2093 Bezug auf die ursprünglich gesetzte Einheit fehlen: und es
144 2099 1207 2147 muss nothwendig ein Gemeinschaftliches zwischen unter¬
