<?xml version="1.0" encoding="UTF-8" standalone="yes"?>
<PcGts xmlns="http://schema.primaresearch.org/PAGE/gts/pagecontent/2013-07-15" xmlns:xsi="http://www.w3.org/2001/XMLSchema-instance" xsi:schemaLocation="http://schema.primaresearch.org/PAGE/gts/pagecontent/2013-07-15 http://schema.primaresearch.org/PAGE/gts/pagecontent/2013-07-15/pagecontent.xsd">
    <Metadata>
        <Creator>prov=University of Rostock/Institute of Mathematics/CITlab|PLANET AI GmbH/Gundram Leifert/gundram.leifert@planet-ai.de:name=ONB_Newseye_GT_M1+(htr_id=10810)::::v=2.6.7
prov=University of Rostock/Institute of Mathematics/CITlab|PLANET AI GmbH/Tobias Gruening/tobias.gruening@planet-ai.de:name=de.uros.citlab.module.baseline2polygon.B2PSeamMultiOriented:v=2.6.7
prov=University of Rostock/Institute of Mathematics/CITlab|PLANET AI GmbH/Tobias Gruening/tobias.gruening@planet-ai.de:name=/net_tf/LA73_249_0mod360.pb:de.uros.citlab.segmentation.CITlab_LA_ML:v=2.6.6
Transkribus</Creator>
        <Created>2021-02-02T15:22:40.747+01:00</Created>
        <LastChange>2021-03-29T18:04:25.981+02:00</LastChange>
        <TranskribusMetadata docId="598856" pageId="23847008" pageNr="331" tsid="54485865" status="DONE" userId="74363" imgUrl="https://files.transkribus.eu/Get?id=TTMJLYOYGYHOPMRZXXAVWOTP&amp;fileType=view" xmlUrl="https://files.transkribus.eu/Get?id=HDFLPXLAVDPEPMLTPHVWEXPB" imageId="18303474"/>
    </Metadata>
    <Page imageFilename="Hauptmann1853-0340.jpg" imageWidth="1444" imageHeight="2597" type="content">
        <ReadingOrder>
            <OrderedGroup id="ro_1624196731660" caption="Regions reading order">
                <RegionRefIndexed index="0" regionRef="TextRegion_1612902977127_3780"/>
                <RegionRefIndexed index="1" regionRef="TextRegion_1612902977127_3779"/>
                <RegionRefIndexed index="3" regionRef="TextRegion_1612903008500_3787"/>
                <RegionRefIndexed index="5" regionRef="TextRegion_1612902967837_3771"/>
                <RegionRefIndexed index="6" regionRef="TextRegion_1612902961453_3767"/>
                <RegionRefIndexed index="7" regionRef="TextRegion_1612902948587_3763"/>
                <RegionRefIndexed index="8" regionRef="TextRegion_1612902946516_3759"/>
            </OrderedGroup>
        </ReadingOrder>
        <TextRegion orientation="0.0" type="page-number" id="TextRegion_1612902977127_3780" custom="readingOrder {index:0;} structure {type:page-number;}">
            <Coords points="164,274 1228,274 1228,330 164,330"/>
            <TextLine id="r1l1" custom="readingOrder {index:0;}">
                <Coords points="656,314 734,315 735,267 657,269"/>
                <Baseline points="663,303 695,305 727,305"/>
                <TextEquiv>
                    <Unicode>321</Unicode>
                </TextEquiv>
            </TextLine>
            <TextEquiv>
                <Unicode>321</Unicode>
            </TextEquiv>
        </TextRegion>
        <TextRegion orientation="0.0" id="TextRegion_1612902977127_3779" custom="readingOrder {index:1;} structure {type:paragraph-continued;}">
            <Coords points="164,330 1228,330 1228,577 164,577"/>
            <TextLine id="r1l2" custom="readingOrder {index:0;}">
                <Coords points="158,409 1226,403 1226,371 158,373"/>
                <Baseline points="164,398 216,397 269,397 322,397 375,397 427,397 480,397 533,397 586,397 638,397 691,396 744,396 797,396 849,396 902,396 955,396 1008,396 1060,396 1113,396 1166,396 1219,395"/>
                <TextEquiv>
                    <Unicode>sich verwirklichen. Ein ³⁄₈ Tact ist immer nur die Hälfte</Unicode>
                </TextEquiv>
            </TextLine>
            <TextLine id="r1l3" custom="readingOrder {index:1;}">
                <Coords points="167,459 989,468 1215,459 1224,418 167,426"/>
                <Baseline points="173,451 225,451 277,450 329,450 381,449 434,449 486,449 538,449 590,449 642,449 695,449 747,449 799,449 851,449 903,449 956,449 1008,450 1060,449 1112,449 1164,449 1217,449"/>
                <TextEquiv>
                    <Unicode>einer metrischen Einheit; einer Einheit, die positiver oder</Unicode>
                </TextEquiv>
            </TextLine>
            <TextLine id="r1l4" custom="readingOrder {index:2;}">
                <Coords points="165,517 1207,515 1229,479 165,483"/>
                <Baseline points="172,504 224,504 277,503 329,503 382,503 434,503 487,502 539,502 592,502 644,502 697,502 750,502 802,502 855,502 907,502 960,502 1012,503 1065,503 1117,503 1170,503 1223,503"/>
                <TextEquiv>
                    <Unicode>negativer Form, 1—2 oder 2—1, sein kann, wonach die</Unicode>
                </TextEquiv>
            </TextLine>
            <TextLine id="r1l5" custom="readingOrder {index:3;}">
                <Coords points="159,567 1018,572 1018,528 931,523 159,532"/>
                <Baseline points="166,559 208,558 250,558 292,557 335,557 377,557 419,557 462,556 504,556 546,556 589,556 631,556 673,556 715,557 758,557 800,557 842,557 885,557 927,557 969,557 1012,557"/>
                <TextEquiv>
                    <Unicode>ungleichzeitige Gliederung mit dem Tactanfange,</Unicode>
                </TextEquiv>
            </TextLine>
            <TextEquiv>
                <Unicode>sich verwirklichen. Ein ³⁄₈ Tact ist immer nur die Hälfte&#13;
einer metrischen Einheit; einer Einheit, die positiver oder&#13;
negativer Form, 1—2 oder 2—1, sein kann, wonach die&#13;
ungleichzeitige Gliederung mit dem Tactanfange,</Unicode>
            </TextEquiv>
        </TextRegion>
        <MusicRegion id="Music_1612903030741_3795" custom="readingOrder {index:2;} structure {type:floating;}">
            <Coords points="490,577 1228,577 1228,707 490,707"/>
        </MusicRegion>
        <TextRegion orientation="0.0" id="TextRegion_1612903008500_3787" custom="readingOrder {index:3;} structure {type:paragraph-continued;}">
            <Coords points="164,577 490,577 490,833 164,833"/>
            <TextLine id="r1l7" custom="readingOrder {index:0;}">
                <Coords points="166,731 417,731 445,740 473,730 473,696 412,696 374,683 352,694 330,683 306,699 272,675 248,697 201,683 185,699 166,699"/>
                <Baseline points="173,722 199,721 226,721 252,721 279,721 306,721 332,721 359,721 386,721 412,721 439,721 466,720"/>
                <TextEquiv>
                    <Unicode>oder im Auftacte</Unicode>
                </TextEquiv>
            </TextLine>
            <TextEquiv>
                <Unicode>oder im Auftacte</Unicode>
            </TextEquiv>
        </TextRegion>
        <MusicRegion id="Music_1612903040895_3802" custom="readingOrder {index:4;} structure {type:floating;}">
            <Coords points="490,707 1228,707 1228,833 490,833"/>
        </MusicRegion>
        <TextRegion orientation="0.0" type="paragraph" id="TextRegion_1612902967837_3771" custom="readingOrder {index:5;}">
            <Coords points="164,833 1228,833 1228,1101 164,1101"/>
            <TextLine id="r1l9" custom="readingOrder {index:0;}">
                <Coords points="160,882 1219,877 1152,836 161,844"/>
                <Baseline points="167,874 219,874 271,874 323,874 376,874 428,874 480,874 533,874 585,874 637,874 690,874 742,874 794,874 846,874 899,875 951,875 1003,875 1056,875 1108,874 1160,874 1213,874"/>
                <TextEquiv>
                    <Unicode>beginnen wird. Sie bedarf eben allezeit der zwei-, drei-</Unicode>
                </TextEquiv>
            </TextLine>
            <TextLine id="r1l10" custom="readingOrder {index:1;}">
                <Coords points="170,939 266,919 439,954 824,915 1219,938 1219,899 170,905"/>
                <Baseline points="176,927 227,927 279,927 331,927 383,927 435,927 487,927 538,927 590,927 642,927 694,927 746,927 798,927 850,927 901,927 953,927 1005,928 1057,928 1109,929 1161,930 1213,930"/>
                <TextEquiv>
                    <Unicode>oder vierzeitigen metrischen Basis wie die melodische</Unicode>
                </TextEquiv>
            </TextLine>
            <TextLine id="r1l11" custom="readingOrder {index:2;}">
                <Coords points="167,995 1224,987 1224,946 1104,971 167,948"/>
                <Baseline points="174,979 226,979 278,979 330,979 382,980 434,980 486,980 539,980 591,980 643,980 695,980 747,980 799,980 851,980 904,980 956,980 1008,980 1060,980 1112,980 1164,980 1217,980"/>
                <TextEquiv>
                    <Unicode>Fortschreitung auf harmonischer Basis ruht; denn es ist</Unicode>
                </TextEquiv>
            </TextLine>
            <TextLine id="r1l12" custom="readingOrder {index:3;}">
                <Coords points="165,1043 1222,1043 1222,1006 1147,995 165,1006"/>
                <Baseline points="171,1033 223,1034 275,1034 327,1034 380,1034 432,1034 484,1034 536,1034 589,1034 641,1034 693,1033 745,1033 798,1033 850,1033 902,1033 954,1033 1007,1033 1059,1033 1111,1033 1163,1033 1216,1034"/>
                <TextEquiv>
                    <Unicode>das Ungleichzeitige an sich nicht selbständige metrische</Unicode>
                </TextEquiv>
            </TextLine>
            <TextLine id="r1l13" custom="readingOrder {index:4;}">
                <Coords points="165,1098 1079,1098 1040,1052 326,1072 165,1052"/>
                <Baseline points="172,1085 217,1086 262,1087 307,1087 352,1087 397,1087 442,1087 487,1087 532,1087 577,1087 622,1087 667,1086 712,1086 757,1086 802,1085 847,1085 892,1085 937,1085 982,1085 1027,1085 1072,1085"/>
                <TextEquiv>
                    <Unicode>Bildung, in dem Sinne wie es das Gleichzeitige ist.</Unicode>
                </TextEquiv>
            </TextLine>
            <TextEquiv>
                <Unicode>beginnen wird. Sie bedarf eben allezeit der zwei-, drei-&#13;
oder vierzeitigen metrischen Basis wie die melodische&#13;
Fortschreitung auf harmonischer Basis ruht; denn es ist&#13;
das Ungleichzeitige an sich nicht selbständige metrische&#13;
Bildung, in dem Sinne wie es das Gleichzeitige ist.</Unicode>
            </TextEquiv>
        </TextRegion>
        <TextRegion orientation="0.0" type="paragraph" id="TextRegion_1612902961453_3767" custom="readingOrder {index:6;}">
            <Coords points="164,1101 1228,1101 1228,1438 164,1438"/>
            <TextLine id="r1l14" custom="readingOrder {index:0;}">
                <Coords points="261,1147 934,1164 1222,1140 1183,1108 261,1107"/>
                <Baseline points="267,1139 314,1139 361,1139 409,1139 456,1139 504,1139 551,1139 598,1139 646,1139 693,1139 741,1139 788,1139 835,1139 883,1139 930,1139 978,1139 1025,1139 1072,1139 1120,1138 1167,1138 1215,1138"/>
                <TextEquiv>
                    <Unicode>118. Ein Glied, das die ungleichzeitige metrische Be¬</Unicode>
                </TextEquiv>
            </TextLine>
            <TextLine id="r1l15" custom="readingOrder {index:1;}">
                <Coords points="169,1202 1226,1203 1226,1165 1184,1157 169,1164"/>
                <Baseline points="175,1192 227,1192 279,1193 331,1193 383,1193 436,1193 488,1193 540,1193 592,1192 644,1192 697,1192 749,1192 801,1192 853,1191 905,1191 958,1191 1010,1191 1062,1191 1114,1191 1166,1192 1219,1192"/>
                <TextEquiv>
                    <Unicode>stimmung trägt, kann dann nicht zugleich die gleichzeitige</Unicode>
                </TextEquiv>
            </TextLine>
            <TextLine id="r1l16" custom="readingOrder {index:2;}">
                <Coords points="177,1259 1221,1267 1208,1212 177,1220"/>
                <Baseline points="183,1246 234,1245 286,1245 337,1245 389,1245 441,1245 492,1245 544,1245 595,1244 647,1244 699,1244 750,1244 802,1244 853,1244 905,1244 957,1244 1008,1245 1060,1245 1111,1245 1163,1246 1215,1246"/>
                <TextEquiv>
                    <Unicode>enthalten, denn damit würde es selbst eine Doppeleinheit,</Unicode>
                </TextEquiv>
            </TextLine>
            <TextLine id="r1l17" custom="readingOrder {index:3;}">
                <Coords points="176,1307 1223,1306 1223,1275 1166,1260 1075,1288 981,1259 901,1287 839,1259 774,1287 685,1259 507,1288 176,1275"/>
                <Baseline points="182,1297 233,1298 285,1298 337,1298 388,1298 440,1298 492,1298 543,1298 595,1298 647,1298 699,1298 750,1298 802,1298 854,1298 905,1298 957,1298 1009,1298 1060,1298 1112,1298 1164,1297 1216,1297"/>
                <TextEquiv>
                    <Unicode>ein metrisch Ein und Anderes sein, und als solchem</Unicode>
                </TextEquiv>
            </TextLine>
            <TextLine id="r1l18" custom="readingOrder {index:4;}">
                <Coords points="171,1362 1229,1363 1197,1315 1161,1339 171,1316"/>
                <Baseline points="178,1352 230,1352 282,1351 334,1351 386,1351 439,1351 491,1351 543,1351 595,1351 647,1351 700,1351 752,1351 804,1351 856,1351 908,1351 961,1351 1013,1351 1065,1351 1117,1351 1169,1350 1222,1350"/>
                <TextEquiv>
                    <Unicode>kommt ihm die ungleichzeitige Articulation nicht zu, die</Unicode>
                </TextEquiv>
            </TextLine>
            <TextLine id="r1l19" custom="readingOrder {index:5;}">
                <Coords points="169,1411 917,1412 904,1381 829,1372 169,1378"/>
                <Baseline points="175,1403 211,1403 248,1404 285,1404 322,1404 358,1405 395,1405 432,1405 469,1405 505,1405 542,1405 579,1405 616,1405 652,1405 689,1405 726,1405 763,1405 799,1405 836,1405 873,1405 910,1405"/>
                <TextEquiv>
                    <Unicode>sich nur im einzelnen Gliede bilden kann.</Unicode>
                </TextEquiv>
            </TextLine>
            <TextEquiv>
                <Unicode>118. Ein Glied, das die ungleichzeitige metrische Be¬
stimmung trägt, kann dann nicht zugleich die gleichzeitige
enthalten, denn damit würde es selbst eine Doppeleinheit,
ein metrisch Ein und Anderes sein, und als solchem
kommt ihm die ungleichzeitige Articulation nicht zu, die
sich nur im einzelnen Gliede bilden kann.</Unicode>
            </TextEquiv>
        </TextRegion>
        <TextRegion orientation="0.0" type="heading" id="TextRegion_1612902948587_3763" custom="readingOrder {index:7;} structure {type:heading;}">
            <Coords points="164,1438 1228,1438 1228,1617 164,1617"/>
            <TextLine id="r1l20" custom="readingOrder {index:0;}">
                <Coords points="207,1522 531,1547 1186,1528 1186,1492 1063,1476 207,1484"/>
                <Baseline points="213,1521 261,1522 309,1522 358,1522 406,1522 454,1522 503,1523 551,1523 599,1523 648,1523 696,1523 744,1523 793,1523 841,1523 889,1523 938,1523 986,1523 1034,1522 1083,1522 1131,1522 1180,1521"/>
                <TextEquiv>
                    <Unicode>Positive und negative Form der ungleichzeitigen</Unicode>
                </TextEquiv>
            </TextLine>
            <TextLine id="r1l21" custom="readingOrder {index:1;}">
                <Coords points="580,1589 592,1595 724,1591 758,1595 766,1603 806,1603 805,1557 709,1557 686,1540 671,1540 656,1555 639,1540 580,1545"/>
                <Baseline points="586,1582 612,1582 639,1582 665,1582 692,1582 719,1582 745,1582 772,1581 799,1581"/>
                <TextEquiv>
                    <Unicode>Gliederung.</Unicode>
                </TextEquiv>
            </TextLine>
            <TextEquiv>
                <Unicode>Positive und negative Form der ungleichzeitigen
Gliederung.</Unicode>
            </TextEquiv>
        </TextRegion>
        <TextRegion orientation="0.0" id="TextRegion_1612902946516_3759" custom="readingOrder {index:8;} structure {type:paragraph-continued;}">
            <Coords points="164,1617 1228,1617 1228,2209 164,2209"/>
            <TextLine id="r1l22" custom="readingOrder {index:0;}">
                <Coords points="253,1670 1225,1682 1225,1644 1168,1636 253,1640"/>
                <Baseline points="260,1665 307,1666 355,1667 403,1668 451,1669 499,1669 547,1670 595,1670 643,1670 691,1670 739,1670 786,1670 834,1670 882,1670 930,1670 978,1670 1026,1670 1074,1669 1122,1669 1170,1669 1218,1669"/>
                <TextEquiv>
                    <Unicode>119. Wenn die ungleichzeitige Bestimmung in ihrer</Unicode>
                </TextEquiv>
            </TextLine>
            <TextLine id="r1l23" custom="readingOrder {index:1;}">
                <Coords points="164,1727 1227,1721 1023,1690 164,1699"/>
                <Baseline points="171,1721 223,1721 275,1721 328,1722 380,1722 433,1722 485,1722 538,1722 590,1723 643,1723 695,1723 747,1723 800,1723 852,1723 905,1723 957,1723 1010,1722 1062,1722 1115,1722 1167,1721 1220,1721"/>
                <TextEquiv>
                    <Unicode>rhythmischen Bedeutung der metrisch-dreigliedrigen Forma¬</Unicode>
                </TextEquiv>
            </TextLine>
            <TextLine id="r1l24" custom="readingOrder {index:2;}">
                <Coords points="165,1785 1215,1795 1233,1747 165,1750"/>
                <Baseline points="171,1773 223,1774 276,1774 329,1775 382,1775 434,1775 487,1775 540,1776 593,1776 645,1776 698,1776 751,1776 804,1776 856,1776 909,1776 962,1775 1015,1775 1067,1775 1120,1775 1173,1775 1226,1775"/>
                <TextEquiv>
                    <Unicode>tion gleichzusetzen war, so werden ihre Theile, ihre Länge</Unicode>
                </TextEquiv>
            </TextLine>
            <TextLine id="r1l25" custom="readingOrder {index:3;}">
                <Coords points="168,1835 1195,1835 1220,1802 168,1803"/>
                <Baseline points="175,1825 229,1826 284,1827 339,1827 393,1828 448,1828 503,1828 557,1828 612,1828 667,1829 721,1829 776,1828 831,1828 885,1828 940,1828 995,1828 1049,1827 1104,1827 1159,1827 1214,1826"/>
                <TextEquiv>
                    <Unicode>und Kürze, sich auch wieder dem metrisch Ersten und Zwei¬</Unicode>
                </TextEquiv>
            </TextLine>
            <TextLine id="r1l26" custom="readingOrder {index:4;}">
                <Coords points="172,1890 1234,1890 1197,1844 172,1852"/>
                <Baseline points="178,1879 230,1880 283,1880 335,1881 388,1881 440,1881 493,1882 545,1882 598,1882 650,1882 703,1882 755,1882 808,1882 860,1882 913,1881 965,1881 1018,1881 1070,1881 1123,1880 1175,1880 1228,1880"/>
                <TextEquiv>
                    <Unicode>ten der zweigliedrigen correlativ verhalten: die rhythmische</Unicode>
                </TextEquiv>
            </TextLine>
            <TextLine id="r1l27" custom="readingOrder {index:5;}">
                <Coords points="174,1947 1229,1937 1202,1900 174,1899"/>
                <Baseline points="180,1932 232,1933 284,1933 336,1934 388,1934 440,1934 492,1934 544,1935 596,1935 648,1935 701,1935 753,1935 805,1935 857,1935 909,1935 961,1934 1013,1934 1065,1934 1117,1933 1169,1933 1222,1932"/>
                <TextEquiv>
                    <Unicode>Länge dem metrisch accentuirten, die Kürze dem accent¬</Unicode>
                </TextEquiv>
            </TextLine>
            <TextLine id="r1l28" custom="readingOrder {index:6;}">
                <Coords points="174,1992 1228,1993 1189,1949 419,1977 367,1947 174,1949"/>
                <Baseline points="181,1985 233,1985 285,1986 337,1986 389,1987 441,1987 493,1987 545,1987 597,1987 649,1988 701,1988 753,1988 805,1988 857,1987 909,1987 961,1987 1013,1987 1065,1987 1117,1987 1169,1987 1221,1987"/>
                <TextEquiv>
                    <Unicode>losen Gliede, und so wird, was als positive und negative</Unicode>
                </TextEquiv>
            </TextLine>
            <TextLine id="r1l29" custom="readingOrder {index:7;}">
                <Coords points="177,2052 1127,2059 1228,2051 1228,2003 320,2004 288,2028 177,2004"/>
                <Baseline points="183,2037 234,2038 286,2038 338,2039 390,2039 442,2039 494,2040 546,2040 598,2040 650,2040 702,2040 753,2040 805,2040 857,2040 909,2040 961,2040 1013,2040 1065,2040 1117,2040 1169,2040 1221,2040"/>
                <TextEquiv>
                    <Unicode>Form, als metrischer Dur- und Mollbegriff bezeichnet und</Unicode>
                </TextEquiv>
            </TextLine>
            <TextLine id="r1l30" custom="readingOrder {index:8;}">
                <Coords points="173,2099 1228,2094 1192,2059 173,2066"/>
                <Baseline points="179,2091 231,2091 283,2092 335,2092 387,2092 439,2093 491,2093 543,2093 595,2093 647,2094 700,2094 752,2094 804,2094 856,2094 908,2094 960,2094 1012,2093 1064,2093 1116,2093 1168,2092 1221,2091"/>
                <TextEquiv>
                    <Unicode>sich entgegengesetzt worden ist, auch in der ungleich¬</Unicode>
                </TextEquiv>
            </TextLine>
            <TextLine id="r1l31" custom="readingOrder {index:9;}">
                <Coords points="176,2155 1227,2154 1227,2123 1175,2108 176,2122"/>
                <Baseline points="183,2145 234,2145 286,2145 338,2145 390,2146 442,2146 494,2146 545,2146 597,2146 649,2146 701,2146 753,2146 805,2147 857,2147 908,2147 960,2147 1012,2147 1064,2147 1116,2147 1168,2147 1220,2147"/>
                <TextEquiv>
                    <Unicode>zeitigen Gliederung die entsprechende Anwendung finden.</Unicode>
                </TextEquiv>
            </TextLine>
            <TextEquiv>
                <Unicode>119. Wenn die ungleichzeitige Bestimmung in ihrer
rhythmischen Bedeutung der metrisch-dreigliedrigen Forma¬
tion gleichzusetzen war, so werden ihre Theile, ihre Länge
und Kürze, sich auch wieder dem metrisch Ersten und Zwei¬
ten der zweigliedrigen correlativ verhalten: die rhythmische
Länge dem metrisch accentuirten, die Kürze dem accent¬
losen Gliede, und so wird, was als positive und negative
Form, als metrischer Dur- und Mollbegriff bezeichnet und
sich entgegengesetzt worden ist, auch in der ungleich¬
zeitigen Gliederung die entsprechende Anwendung finden.</Unicode>
            </TextEquiv>
        </TextRegion>
    </Page>
</PcGts>
