1444 2597
669 225 753 274 145
186 324 1248 371 D|F-a-C als Dreiklänge der absoluten Dissonanz:
181 372 1252 419 G-h-F, h-F-a, F-a-C zu betrachten sind, in welchen D und
186 427 1241 475 F nicht nur als ungetrennt, sondern auch als ununterschie¬
181 481 1248 523 den für die Bedeutung des Accordes gelten müssen. Es ist
187 537 1237 586 demnach die Quint D des ersten der obigen drei Septimen¬
186 588 1233 643 accorde in F zugleich Grundton F; die Quint des zweiten, F,
181 636 1245 690 hat an sich Grundtonsbedeutung, und die Quint des dritten,
187 692 1242 739 a, ist in F auch Terz von F (für die Wirkung entschiedener
182 748 1250 794 nicht-Quint in der Mollterz as). Diese Doppelbedeutung
188 795 1251 844 aber erhält die Quint in diesen Accorden nicht, wie es in
184 850 1241 906 den übrigen Septimenharmonieen auch der Fall sein würde,
187 900 1238 955 durch einen dem ersten verbundenen anderen Dreiklang,
182 955 1245 1002 sondern sie hat sie eben, der Natur dieser Septimenaccorde
181 1004 1241 1048 nach, in ihnen selbst, als eine ungetrennte und ununter¬
179 1059 370 1108 schiedene.
275 1116 1235 1154 217. In den zwei letzteren der combinirten Disso¬
194 1162 1235 1216 nanzdreiklänge des verwendeten Systemes, h-F-a, F-a-C,
186 1223 1237 1266 würde man, nachdem wir dem F des ersteren die Grund¬
187 1268 1241 1315 tonsbedeutung, und dem a des zweiten die Theilnahme an
185 1323 1248 1372 der Terzbedeutung zugesprochen haben, dem a des ersteren
189 1379 1248 1428 und dem C des letzteren nun entschiedene Quintbedeutung
183 1431 1247 1475 zuschreiben müssen; diese aber haben die Töne a und C
191 1483 1241 1530 hier nicht als Quint dieser absoluten Dissonanzdreiklänge
184 1540 1243 1580 erst zu erhalten, sie haben dieselbe als Septime schon an
184 1594 1247 1644 sich, indem dieses Intervall des Accordes jederzeit nur
185 1644 1241 1683 Quint des oberen Dreiklanges sein kann. In ihrer Sep¬
184 1691 1244 1746 timenbedeutung ist ihnen aber die gebundene Herleitung
187 1747 1235 1797 in jeder Lage, also auch wo sie als Basis erscheinen, ohne¬
180 1805 1240 1851 hin schon gesichert; so dass die Secund-quart-sextlage
184 1852 1241 1899 des Septimenaccordes, gleich der Septimen- und Quint¬
188 1913 1243 1959 sextlage, in diesen Zweiheits-Accorden, wie in jedem an¬
182 1966 1012 2003 deren immer unbedingt anwendbar sein muss.
266 2011 1249 2066 218. Der Septimenaccord der Oberdominantquint wird
187 2068 1245 2116 aber in der Durtonart seine Zweiheitsnatur immer schwer
