1444 2597
669 236 763 282 195
172 327 1242 379 hier aber erscheint die Terz als Grundton, der Grundton
172 378 1234 427 als Terz, Grundton und Terz negativ als Terz und Grund¬
183 435 270 475 ton:
177 707 1244 754 Die Umwandlung geht dort an Relativem vor und führt in
183 763 1237 810 Relatives. Hier geschieht sie aus Positivem in Relatives oder
186 826 1233 860 aus Relativem in Positives; womit in dem einen und an¬
180 869 1236 914 deren Falle immer ein Positives, als Bestimmendes oder
186 923 812 972 als Bestimmtes, real vorhanden ist.
266 972 1245 1019 288. Die Verwandtschaften in der Molltonart werden
184 1034 1228 1083 sich nicht am positiv vorausgesetzten Dreiklange derselben,
184 1076 1243 1123 sondern nur an seiner Negation, am tonischen Molldrei¬
182 1131 1240 1179 klange selbst bestimmen können; denn hier ist eben die
181 1188 1239 1228 Negation das hauptsächlich Bedeutete. Wo diese Negation
182 1235 1236 1283 aber nicht die hauptsächliche Bedeutung hat, wo der Dur¬
178 1292 1239 1339 dreiklang tonischer, der Molldreiklang nur Unterdomi¬
180 1347 1235 1388 nantaccord ist, im Systeme der Moll-Durtonart, da werden
177 1396 1235 1443 die Verwandtschaften eben wieder nur am tonischen Dur¬
177 1459 1237 1500 dreiklange sich bestimmen. Durch Umdeutung am tonischen
183 1507 1231 1547 Molldreiklange der C-Molltonart ergeben sich die Verwandt¬
181 1556 342 1603 schaften —
