1444 2597
718 224 793 275 387
221 324 1287 370 zeitigen ist nur die dritte, im vierzeitigen nur die vierte
216 386 1276 420 ohne Accent. Die Accente treten aber hier in verschiedener
224 427 1281 475 Ordnung auf. Wie das zweizeitige Metrum nur einfache
220 484 1278 531 Accentordnung enthält, so finden wir sie im dreizeitigen
220 532 1271 586 zweifach, im vierzeitigen dreifach übereinander bestehend;
226 588 1281 635 und es wird ein metrisches Glied, das in einer höheren
224 643 1275 683 Ordnung ohne Accent, in der niederen aber ein accentuirtes
223 691 1276 741 ist, diesen Accent für die harmonische Bedeutung in seiner
226 748 903 794 Ordnung in Anspruch nehmen dürfen.
302 795 1283 843 Sonach wird ein harmonisch accentuirtes Moment, das
220 852 1278 899 in positiv-zweizeitigem Metrum nur mit der ersten Zeit
222 907 1277 947 coïncidiren kann, im dreizeitigen mit der ersten und zwei¬
221 954 1275 1003 ten Zeit, im vierzeitigen aber mit der ersten, zweiten und
219 1012 793 1052 dritten zusammenfallen können.
309 1060 1281 1106 24. Es ist im dreizeitigen Metrum die erste Zeit eine
221 1115 1284 1161 doppelt accentuirte, die zweite einfach accentuirt, die
217 1172 1275 1210 dritte accentlos. Auf die letzte Zeit würden demnach nur
212 1228 1278 1267 die nicht-accentuirte Dissonanz, die im Grundtone vor¬
212 1275 1274 1313 bereitete, nachschlagende Septime, sowie die der Domi¬
216 1330 1268 1371 nantverbindung angehörigen Dissonanzaccorde zu stehen
219 1379 1271 1427 kommen können. Der Vorhalt und die in der Oberquint
219 1426 1273 1475 vorbereitete Septime finden ihre Stelle aber ebensowohl
221 1484 1271 1538 auf der zweiten Zeit wie auf der ersten. Die Vorbereitung
220 1532 1278 1595 geschieht dann im ersten Falle auf der ersten, im zweiten
212 1598 897 1635 auf der vorausgegangenen dritten Zeit.
304 1643 1277 1691 25. Beim vierzeitigen Metrum, in welchem nur die
214 1699 1271 1739 vierte Zeit eine völlig accentlose ist, gilt von dieser, was
219 1748 1270 1795 über die dritte des dreizeitigen gesagt ist. Auf die ersten
217 1804 1276 1850 drei Zeiten ist aber nicht unbedingt anzuwenden, was von
220 1851 1272 1899 den ersten beiden im dreizeitigen Metrum gilt. Im vierzeitigen
213 1907 1266 1948 ist die erste Zeit eine dreifach accentuirte, die zweite ein¬
209 1964 1268 2005 fach und die dritte doppelt accentuirt. Daher das vierzeitige
202 2014 1268 2060 Metrum hauptsächlich seine erste und seine dritte Zeit als
204 2075 1269 2123 accentuirte hervorhebt; die zweite dagegen, mit ihrem
