1444 2597
675 202 760 252 165
187 303 1250 354 nächst nur die Bedeutung einer Oberdominantterz, d. h. des
177 346 1246 396 Leittones einer Dur- oder Molltonart haben können und
181 409 1244 450 mit dem darauf folgenden einen Schluss bilden. Diese
184 460 1243 500 beiden Töne stehen unter sich in dem unveränderlichen
183 507 1248 547 Verhältnisse 15:16, während die chromatische Fortschreit¬
186 566 1248 619 ung nach dem Verhältnisse der diatonischen Stufen, 8:9
180 621 1242 659 und 9:10, auch zwischen den Verhältnissen 128:135
186 667 1236 717 und 24:25 wechseln wird. Dem ersten, 128:135,
187 724 1246 770 entsprechen in der C-Durtonart die chromatischen Fort¬
189 771 1249 824 schreitungen C..cis, F..fis, B..h; dem anderen, 24:25,
185 828 816 875 die Fortschreitungen D..dis, G..gis.
277 884 1247 928 Wir erhalten sonach die erste der oben verzeichneten
188 947 1027 995 chromatischen Scalen, in folgender Bedeutung:
182 1236 1249 1280 bei welcher, wie ersichtlich ist, nur der Grundton in der
191 1291 1243 1339 Accordbedeutung des tonischen Dreiklanges seine Stelle
184 1339 1249 1387 behält. Die Terz e und die Quint G erscheinen in Folge der
189 1395 1234 1443 ihnen vorausgegangenen Leittöne dis und fis, in Grund¬
188 1454 1248 1499 tonsbedeutung, erhalten mithin als melodisch-harmonisch
185 1506 1245 1547 bestimmte eine für sich bestehende, vom liegenden Ac¬
194 1567 1239 1611 corde unabhängige Existenz; wie sie auch jeder leiter¬
184 1612 1238 1657 fremde, sowie im Allgemeinen jeder sogenannte durchge¬
184 1667 1249 1707 hende Ton einer zu liegender Harmonie melodisch bewegten
192 1716 592 1763 Stimme erhalten wird.
268 1772 1247 1815 247. In der durch chromatisch vertiefte Stufen auf¬
184 1820 512 1875 steigenden Leiter:
