<?xml version="1.0" encoding="UTF-8" standalone="yes"?>
<PcGts xmlns="http://schema.primaresearch.org/PAGE/gts/pagecontent/2013-07-15" xmlns:xsi="http://www.w3.org/2001/XMLSchema-instance" xsi:schemaLocation="http://schema.primaresearch.org/PAGE/gts/pagecontent/2013-07-15 http://schema.primaresearch.org/PAGE/gts/pagecontent/2013-07-15/pagecontent.xsd">
    <Metadata>
        <Creator>prov=University of Rostock/Institute of Mathematics/CITlab|PLANET AI GmbH/Gundram Leifert/gundram.leifert@planet-ai.de:name=ONB_Newseye_GT_M1+(htr_id=10810)::::v=2.6.7
prov=University of Rostock/Institute of Mathematics/CITlab|PLANET AI GmbH/Tobias Gruening/tobias.gruening@planet-ai.de:name=de.uros.citlab.module.baseline2polygon.B2PSeamMultiOriented:v=2.6.7
prov=University of Rostock/Institute of Mathematics/CITlab|PLANET AI GmbH/Tobias Gruening/tobias.gruening@planet-ai.de:name=/net_tf/LA73_249_0mod360.pb:de.uros.citlab.segmentation.CITlab_LA_ML:v=2.6.6
Transkribus</Creator>
        <Created>2021-02-02T15:22:39.222+01:00</Created>
        <LastChange>2021-03-20T15:40:38.192+01:00</LastChange>
        <TranskribusMetadata docId="764523" pageId="28719188" pageNr="264" tsid="63342093" status="NEW" userId="74363" imgUrl="https://files.transkribus.eu/Get?id=LCQKVYKOGCIVHAQHRWMYPZZI&amp;fileType=view" xmlUrl="https://files.transkribus.eu/Get?id=CBPVYGPEHUTJQOKHUWCRKDZS" imageId="22439693"/>
    </Metadata>
    <Page imageFilename="Hauptmann1853-0273.jpg" imageWidth="1444" imageHeight="2597" type="content">
        <ReadingOrder>
            <OrderedGroup id="ro_1630595921662" caption="Regions reading order">
                <RegionRefIndexed index="0" regionRef="TextRegion_1612717351258_1046"/>
                <RegionRefIndexed index="1" regionRef="TextRegion_1612717351258_1045"/>
                <RegionRefIndexed index="2" regionRef="TextRegion_1612717348703_1041"/>
                <RegionRefIndexed index="4" regionRef="TextRegion_1612717340836_1033"/>
                <RegionRefIndexed index="6" regionRef="TextRegion_1612717333470_1025"/>
            </OrderedGroup>
        </ReadingOrder>
        <TextRegion orientation="0.0" type="page-number" id="TextRegion_1612717351258_1046" custom="readingOrder {index:0;} structure {type:page-number;}">
            <Coords points="246,227 1308,227 1308,283 246,283"/>
            <TextLine id="r1l1" custom="readingOrder {index:0;}">
                <Coords points="741,267 787,267 788,265 807,267 813,261 820,261 820,233 813,233 806,228 788,229 772,220 765,220 760,226 742,225"/>
                <Baseline points="748,257 781,258 814,258"/>
                <TextEquiv>
                    <Unicode>254</Unicode>
                </TextEquiv>
            </TextLine>
            <TextEquiv>
                <Unicode>254</Unicode>
            </TextEquiv>
        </TextRegion>
        <TextRegion orientation="0.0" type="paragraph" id="TextRegion_1612717351258_1045" custom="readingOrder {index:1;} structure {type:paragraph;}">
            <Coords points="246,283 1308,283 1308,422 246,422"/>
            <TextLine id="r1l2" custom="readingOrder {index:0;}">
                <Coords points="241,370 663,347 1053,372 1280,362 1302,330 240,332"/>
                <Baseline points="247,357 299,355 351,354 404,353 456,352 509,351 561,351 614,351 666,351 719,351 771,351 823,352 876,352 928,352 981,353 1033,353 1086,353 1138,353 1191,353 1243,352 1296,352"/>
                <TextEquiv>
                    <Unicode>genes, oder vielmehr ein noch nicht völlig auseinander¬</Unicode>
                </TextEquiv>
            </TextLine>
            <TextLine id="r1l3" custom="readingOrder {index:1;}">
                <Coords points="242,427 434,409 518,427 565,404 728,426 804,411 784,380 721,371 345,371 242,387"/>
                <Baseline points="248,408 275,407 302,406 330,405 357,405 385,404 412,404 440,404 467,403 495,403 522,403 549,403 577,403 604,403 632,404 659,404 687,404 714,404 742,404 769,404 797,404"/>
                <TextEquiv>
                    <Unicode>getretenes doppel-zweizeitiges.</Unicode>
                </TextEquiv>
            </TextLine>
            <TextEquiv>
                <Unicode>genes, oder vielmehr ein noch nicht völlig auseinander¬
getretenes doppel-zweizeitiges.</Unicode>
            </TextEquiv>
        </TextRegion>
        <TextRegion orientation="0.0" id="TextRegion_1612717348703_1041" custom="readingOrder {index:2;} structure {type:paragraph-continued;}">
            <Coords points="246,422 1308,422 1308,527 246,527"/>
            <TextLine id="r1l4" custom="readingOrder {index:0;}">
                <Coords points="331,462 1295,464 1280,436 1175,420 331,428"/>
                <Baseline points="337,456 384,457 432,457 479,458 527,458 575,458 622,458 670,458 717,458 765,458 813,458 860,458 908,458 955,458 1003,458 1051,458 1098,459 1146,459 1193,460 1241,461 1289,462"/>
                <TextEquiv>
                    <Unicode>Wenn die doppel-zweizeitige positive Accentbestim¬</Unicode>
                </TextEquiv>
            </TextLine>
            <TextLine id="r1l5" custom="readingOrder {index:1;}">
                <Coords points="239,520 314,521 326,531 350,531 360,522 369,522 370,487 279,484 270,492 240,491"/>
                <Baseline points="246,514 275,513 304,513 333,514 362,516"/>
                <TextEquiv>
                    <Unicode>mung:</Unicode>
                </TextEquiv>
            </TextLine>
            <TextEquiv>
                <Unicode>Wenn die doppel-zweizeitige positive Accentbestim¬
mung:</Unicode>
            </TextEquiv>
        </TextRegion>
        <GraphicRegion id="Graphic_1612717614284_1092" custom="readingOrder {index:3;} structure {type:floating;}">
            <Coords points="246,527 1308,527 1308,724 246,724"/>
        </GraphicRegion>
        <TextRegion orientation="0.0" id="TextRegion_1612717340836_1033" custom="readingOrder {index:4;} structure {type:paragraph-continued;}">
            <Coords points="246,724 1308,724 1308,839 246,839"/>
            <TextLine id="r1l9" custom="readingOrder {index:0;}">
                <Coords points="241,778 1304,771 1304,743 1248,733 241,743"/>
                <Baseline points="248,769 300,770 352,770 405,770 457,770 510,770 562,771 615,771 667,771 720,771 772,771 824,771 877,771 929,771 982,771 1034,771 1087,770 1139,770 1192,769 1244,768 1297,767"/>
                <TextEquiv>
                    <Unicode>sich dreizeitig ineinander bestehend in dieser Gestalt dar¬</Unicode>
                </TextEquiv>
            </TextLine>
            <TextLine id="r1l10" custom="readingOrder {index:1;}">
                <Coords points="244,835 355,835 356,797 344,795 339,798 329,788 301,787 286,797 246,798"/>
                <Baseline points="251,821 283,823 316,824 349,825"/>
                <TextEquiv>
                    <Unicode>stellt:</Unicode>
                </TextEquiv>
            </TextLine>
            <TextEquiv>
                <Unicode>sich dreizeitig ineinander bestehend in dieser Gestalt dar¬
stellt:</Unicode>
            </TextEquiv>
        </TextRegion>
        <GraphicRegion id="Graphic_1612717604495_1085" custom="readingOrder {index:5;} structure {type:floating;}">
            <Coords points="246,839 1308,839 1308,1083 246,1083"/>
        </GraphicRegion>
        <TextRegion orientation="0.0" type="paragraph" id="TextRegion_1612717333470_1025" custom="readingOrder {index:6;} structure {type:paragraph;}">
            <Coords points="246,1083 1308,1083 1308,1465 246,1465"/>
            <TextLine id="r1l15" custom="readingOrder {index:0;}">
                <Coords points="244,1140 1300,1139 1300,1096 1258,1092 245,1096"/>
                <Baseline points="251,1128 303,1128 355,1128 407,1128 459,1128 511,1128 563,1128 615,1129 667,1129 719,1129 772,1129 824,1129 876,1129 928,1130 980,1130 1032,1130 1084,1130 1136,1130 1188,1129 1240,1129 1293,1129"/>
                <TextEquiv>
                    <Unicode>indem das accentuirte Glied des zweiten Paares mit dem</Unicode>
                </TextEquiv>
            </TextLine>
            <TextLine id="r1l16" custom="readingOrder {index:1;}">
                <Coords points="245,1194 1303,1195 1303,1147 246,1158"/>
                <Baseline points="252,1182 304,1181 356,1181 408,1181 461,1181 513,1181 565,1182 617,1182 670,1182 722,1183 774,1183 826,1183 879,1183 931,1184 983,1184 1035,1184 1088,1183 1140,1183 1192,1183 1244,1182 1297,1181"/>
                <TextEquiv>
                    <Unicode>accentlosen des ersten zusammenfällt; so überträgt auch</Unicode>
                </TextEquiv>
            </TextLine>
            <TextLine id="r1l17" custom="readingOrder {index:2;}">
                <Coords points="245,1251 1303,1242 1303,1211 1215,1204 245,1206"/>
                <Baseline points="251,1233 303,1233 355,1234 407,1234 460,1234 512,1234 564,1234 616,1235 669,1235 721,1235 773,1235 825,1235 878,1235 930,1236 982,1236 1034,1236 1087,1236 1139,1236 1191,1236 1243,1235 1296,1235"/>
                <TextEquiv>
                    <Unicode>jede andere Accentform des doppel-zweizeitigen Metrums</Unicode>
                </TextEquiv>
            </TextLine>
            <TextLine id="r1l18" custom="readingOrder {index:3;}">
                <Coords points="253,1299 1300,1300 1301,1260 253,1260"/>
                <Baseline points="259,1286 310,1286 362,1287 414,1287 466,1287 517,1288 569,1288 621,1288 673,1288 724,1289 776,1289 828,1289 880,1289 931,1289 983,1290 1035,1290 1087,1290 1138,1289 1190,1289 1242,1289 1294,1289"/>
                <TextEquiv>
                    <Unicode>sich in das dreizeitige in gleichem Sinne, und es müssen</Unicode>
                </TextEquiv>
            </TextLine>
            <TextLine id="r1l19" custom="readingOrder {index:4;}">
                <Coords points="251,1355 1310,1354 1293,1307 251,1308"/>
                <Baseline points="258,1340 310,1340 362,1340 414,1340 467,1340 519,1340 571,1340 624,1340 676,1341 728,1341 781,1341 833,1342 885,1342 937,1342 990,1342 1042,1342 1094,1342 1147,1342 1199,1342 1251,1342 1304,1342"/>
                <TextEquiv>
                    <Unicode>die im Folgenden als doppel-zweizeitig und dreizeitig sich</Unicode>
                </TextEquiv>
            </TextLine>
            <TextLine id="r1l20" custom="readingOrder {index:5;}">
                <Coords points="249,1412 1237,1419 1309,1395 1118,1355 249,1372"/>
                <Baseline points="255,1393 307,1393 359,1393 412,1393 464,1394 517,1394 569,1394 621,1394 674,1395 726,1395 779,1395 831,1396 883,1396 936,1396 988,1396 1041,1396 1093,1396 1145,1396 1198,1396 1250,1395 1303,1395"/>
                <TextEquiv>
                    <Unicode>gegenübergestellten Accentcombinationen einander gegen¬</Unicode>
                </TextEquiv>
            </TextLine>
            <TextLine id="r1l21" custom="readingOrder {index:6;}">
                <Coords points="245,1458 320,1467 413,1458 422,1468 447,1459 589,1459 589,1420 568,1428 496,1413 349,1425 327,1412 287,1412 245,1422"/>
                <Baseline points="252,1445 277,1445 302,1446 328,1446 353,1446 378,1446 404,1446 429,1446 455,1446 480,1446 505,1446 531,1446 556,1447 582,1447"/>
                <TextEquiv>
                    <Unicode>seitig entsprechen:</Unicode>
                </TextEquiv>
            </TextLine>
            <TextEquiv>
                <Unicode>indem das accentuirte Glied des zweiten Paares mit dem
accentlosen des ersten zusammenfällt; so überträgt auch
jede andere Accentform des doppel-zweizeitigen Metrums
sich in das dreizeitige in gleichem Sinne, und es müssen
die im Folgenden als doppel-zweizeitig und dreizeitig sich
gegenübergestellten Accentcombinationen einander gegen¬
seitig entsprechen:</Unicode>
            </TextEquiv>
        </TextRegion>
        <GraphicRegion id="Graphic_1612718584918_1260" custom="readingOrder {index:7;} structure {type:floating-continued;}">
            <Coords points="246,1465 1308,1465 1308,2008 1308,2142 246,2142 246,2008"/>
        </GraphicRegion>
    </Page>
</PcGts>
