1444 2597
725 225 810 273 392
234 322 1291 371 überhaupt ein metrisch-accentuirtes Moment in Anspruch
238 379 1292 428 nimmt. Es ist aber keinesweges Erforderniss, dass die
239 427 1300 467 Dauer des vorbereitenden Accordes gleich sei der Dauer des
242 476 1301 523 Dissonanzaccordes; nur der gebundene Dissonanzton selbst
242 531 1296 579 darf hier nicht länger sein als der als Consonanz ihm
237 587 1293 626 vorangehende vorbereitende. Die Auflösung der Dissonanz
237 635 1302 683 kann nach harmonischen Zwischentönen ebensowohl erst
240 699 1294 746 später erfolgen; denn das Bindungsgesetz, was die Länge
241 739 1301 788 des vorbereitenden Tones der des angebundenen gleich
236 797 1294 843 verlangt, ist ein rhythmisch-metrisches für sich, es ist
241 843 1295 891 dasselbe für consonante und dissonante Harmonie und wird
238 899 1299 939 von den besonderen harmonischen Bedingungen sowenig be¬
234 956 1295 996 rührt, als es an diese wieder besondere Bedingungen stellt.
234 1068 1297 1115 Der metrisch-synkopirten Reihe entspricht harmonisch
383 1123 1162 1179 die Folge verketteter Septimenaccorde.
329 1219 1303 1275 34. Wenn nun eine synkopische Reihe in Verbindung
240 1277 1307 1315 mit der normalen in jedem ihrer metrischen Glieder ein
236 1330 1295 1371 accentuirtes Moment enthält, — abwechselnd ein normal-
246 1386 1300 1435 accentuirtes und ein synkopisch-accentuirtes, — so würde
247 1432 1302 1475 in dieser Hinsicht auch jedes Glied einer solchen Reihe
239 1476 1302 1529 zum Träger einer accentuirten Dissonanzharmonie wer¬
240 1539 1302 1579 den können. Eine Folge verketteter Septimenaccorde, wie
247 1594 1299 1644 wir sie früher in drei Arten von Uebergängen, in den
244 1643 1292 1690 beiden ersten fortlaufend, in der dritten periodisch unter¬
239 1696 1303 1740 brochen, sich haben bilden sehen, (155—160) entspricht in
238 1748 1301 1794 harmonischem Sinne der metrisch-synkopirten Reihe. Auch
245 1804 1300 1844 in jener ist jedes der sich unmittelbar folgenden Disso¬
243 1851 1295 1906 nanzmomente ein harmonisch-Erstes und Zweites zugleich;
241 1908 1298 1955 in der Bedeutung des Ersten (I) ist es Dissonanz, in der
245 1956 1251 2004 Bedeutung des Zweiten (II) Auflösung und Vorbereitung.
323 2012 1304 2058 35. Die synkopisch fortlaufende Reihe ist aber nur als
234 2067 1297 2115 eine periodische metrisch verständlich, als eine zwei-,
