1444 2597
710 212 789 259 290
216 307 1090 353 dasselbe mit positivem Paare höchster Ordnung:
207 811 1277 851 Dort wird der Hauptaccent auf das fünfte Glied, der Haupt-
209 868 1281 915 Nebenaccent auf das zweite fallen; hier umgekehrt der
216 915 1272 963 Nebenaccent auf das fünfte, der Hauptaccent auf das
216 972 343 1011 zweite.
299 1020 1270 1066 77. Soll der Hauptaccent auf ein voraus bestimmtes
212 1075 1266 1116 Zeitmoment, z. B. auf das vierte Glied des dreimal-dreizei¬
221 1124 1282 1172 tigen Metrums gelenkt werden, so ist diese Stelle zuerst
216 1186 1088 1227 als eine betonte für alle Ordnungen festzusetzen:
207 1484 1280 1529 dann wird die Formation sich für die übrigen Glieder noth¬
212 1547 790 1586 wendig also bestimmen müssen:
210 1920 993 1971 aus welcher diese Accentuation hervorgeht:
