1444 2597
697 251 804 294 176
301 347 1267 397 261. Dass aber durch diese Folgen eine befriedigende,
213 396 1279 443 sicherstellende Modulation in die neue Tonart geschehen
211 452 1268 500 sei, wird man nicht zugeben können. Diese ist hier, wie¬
214 515 1275 555 wohl ein Accord aus ihrem Bereiche eingetreten, eben
206 555 1265 611 selbst noch ohne bestimmten Abschluss in ihren Grenzen,
214 618 1251 666 und man fühlt fast nur die Seite, die Richtung aufge¬
207 658 1256 714 schlossen, nach welcher die Modulation sich wenden will,
206 718 1040 763 nicht aber die Feststellung einer neuen Tonart.
300 768 1263 810 262. Unter den Septimenharmonieen haben wir eine
209 819 1264 867 kennen lernen, welche ganz geeignet ist, eine Tonart in
204 876 1268 922 ihren Hauptmomenten zu bestimmen, indem sie in ihrer
208 924 1267 972 Dissonanz die beiden Dominanten, in ihrer Auflösung den
212 981 1254 1027 Grundton zum wesentlichen Inhalte hat, und so das Haupt¬
212 1036 1261 1083 sächliche des ganzen Systemes in sich und ihrer Folge zu¬
208 1084 446 1130 sammenfasst.
292 1138 1263 1195 Es ist dies der Dominantseptimenaccord, auch
208 1196 1266 1250 die Hauptseptimenharmonie genannt. In seiner Ei¬
209 1251 1264 1299 genschaft, die Grenzen des Tonartsystemes verbunden hören
205 1300 1269 1354 zu lassen und in seiner Auflösung den tonischen Dreiklang
209 1355 1261 1396 als Mitte desselben festzustellen, wird er, durch natürliche
211 1404 1260 1448 Vermittlung herbeigeführt, die neue Tonart auf entschie¬
206 1467 1269 1507 dene Weise ankündigen und als eine sicher bestimmte
199 1507 646 1556 können eintreten lassen.
291 1564 1264 1612 263. Es wird demnach in den obigen beiden ersten
201 1620 1258 1659 Uebergängen C-e-G...h-D-G...A-D-fis und C-e-G...C-F-a...
209 1668 1259 1716 d-F-B, wenn der erste die Umwandlung des Oberdomi¬
206 1723 1260 1763 nantaccordes, die zweite die Umwandlung des Unterdomi¬
202 1780 1261 1819 nantaccordes zum tonischen enthält und jene damit eine Mo¬
204 1828 1258 1875 dulation in die Oberdominant-, diese in die Unterdominant¬
207 1884 1253 1929 tonart zwar anregt, aber noch nicht vollständig bewirkt,
201 1931 1260 1979 dieser Uebergang entschiedener durch die Dominantsepti¬
204 1988 1209 2032 menharmonie dieser beiden Tonarten geschehen können.
288 2040 1263 2083 264. Bei der Betrachtung der Septimenharmonieen
195 2091 1259 2147 haben wir gefunden, dass der Dominantseptimenaccord,
