1444 2597
641 219 717 267 291
237 315 1223 360 Wollte man hier negativ höchste Ordnung, und dann
150 364 957 412 das erste dreizeitige Glied positiv annehmen:
149 684 1208 732 wonach das zweite die positive Geltung für das zweite
155 739 1208 787 Paar dreizeitiger Glieder erlangt, so würde der Haupt¬
146 803 1209 843 accent zwar auf dasselbe vierte Glied fallen, er kann
149 844 1214 891 aber nicht den Tactanfang bilden; denn es entsteht für
156 900 616 946 das Ganze die Formation:
145 1067 1220 1114 die mit vollem Tacte beginnt und den Hauptaccent auf
147 1116 842 1178 dem zweiten dreizeitigen Gliede trägt:
157 1291 1223 1331 das erste Metrum beruhet in oberster Ordnung auf der
151 1339 389 1395 Bestimmung
149 1588 940 1644 beginnt sonach in dieser Ordnung accentlos.
242 1636 1211 1682 78. Wie alle dem Gefühl eingänglichen Accentuirun¬
156 1691 1206 1747 gen, die auf so vielfache Weise verschieden sein können,
152 1748 1211 1787 sich immer in den besprochenen metrisch-organischen For¬
157 1796 1217 1843 men werden begründet finden; so schliesst dagegen jede
158 1859 1216 1907 naturwidrige sich eben auch von den hier möglichen von
148 1916 1209 1964 selbst aus. Es wiederholt sich in der Metrik nur, was die
157 1955 1210 2003 Harmonik schon dargelegt hat: so wenig dort die syste¬
156 2012 1221 2065 matisch harmonische Accordbildung einen Zusammenklang
146 2064 1219 2116 produciren kann, der nicht zu praktischer Anwendung
