1444 2597
731 218 788 268 26
223 316 1296 364 active Dominant-haben an sich übergehen, dass er die
229 371 1289 419 beiden ihn entzweienden Einheiten als Zweiheit ausser sich
224 432 1296 476 setze und selbst Einheit dieser Zweiheit werde: Einheit
225 476 1022 524 eines Dreiklanges von Dreiklängen.
312 531 1285 580 20. Den Inbegriff dieser organischen Gestaltung, dieses
233 588 1286 642 Dreiklanges höherer Ordnung, dessen Quint in der Trennung
226 636 1293 683 des Unter- und Ober-Dominantaccordes, die verbindende
224 692 1289 731 Terz im Accord der Tonica, als vermitteltem und vermitteln¬
232 748 1290 788 dem, als bestimmten und bestimmenden besteht, nennen
228 795 1298 850 wir Tonart. Sie enthält die Momente der Dreiklangsbildung
228 851 1294 908 ganz in derselben Bedeutung wie der Dreiklang selbst, und
231 899 1050 974 ist nur eine potenzirte Erscheinung desselben.
317 957 1287 1003 21. Um nicht in zu abstracten Vorstellungen zu ermü¬
230 1012 1295 1059 den, wird man das bisher Gesagte sich in der hier folgenden
221 1060 1067 1106 Darstellungsweise anschaulich machen können.
313 1116 1297 1163 Es sei der Dreiklang in Bezug auf die innere Folge
225 1172 900 1219 seiner Bestimmungen bezeichnet mit:
229 1299 1304 1353 I—II bedeute die Quint; III, die Terz, als Verbindung
232 1356 409 1396 von I—II.
317 1400 1294 1451 Wenn wir hier, wie in der Folge, Grundton und
236 1459 1288 1508 Quint mit grossen, die Terz mit kleinen Buchstaben be¬
232 1516 505 1563 zeichnen, z. B.
224 1691 1301 1739 so ist im Begriffe der Tonart die Octaveinheit, die
226 1750 1290 1795 unmittelbare Selbständigkeit des Accordes C-e-G dadurch
233 1796 1292 1843 aufgehoben, dass sein Grundton C im Accord der Unter¬
232 1852 1292 1900 dominant, F-a-C, als Quint; seine Quint G, im Accord der
236 1907 1093 1956 Oberdominant, G-h-D, als Grundton erscheinet.
