1444 2597
643 227 715 276 391
159 324 1212 370 immer etwas metrisch direct Unwahres. Die synkopisch
154 379 1209 418 erste Zeit kann nur eine zweite von gleicher Dauer sich
153 428 1209 474 verbinden; sobald diese eine längere ist, wird sie gegen
154 475 1212 531 die vorhergegangene eine mehr als einfache, und trennt,
149 532 1212 578 indem sie dann an sich selbst als Erstes und Zweites sich
155 588 1217 633 verhält, die innere Einheit der Bindung: sie lässt einen
155 636 423 683 Accent fühlen:
235 868 1210 915 Es ergibt sich hieraus, dass die früher mit aufgeführten
148 923 1210 964 Erfüllungsformen des vierzeitigen Metrums, in welchen
154 972 1127 1019 nach der einfachen Zeit eine ungetrennt dreifache folgt
150 1152 1207 1196 der metrischen Berechtigung ermangeln, weshalb sie eben
154 1211 1214 1251 auch dem Gefühle sich widerspenstig erweisen: denn es ist
149 1259 1213 1300 in ihnen an das einfache zweite Glied ein doppeltes, das
152 1307 863 1355 dritte und vierte enthaltende gebunden.
233 1491 1204 1532 32. Alle solche rhythmische Gestaltungen sind, wo
149 1540 1200 1594 sie vorkommen und zu bester Wirkung vorkommen können,
149 1596 1207 1650 eben wieder als Indirectes, als Ausdruck der Besonderheit,
147 1644 1202 1691 des nicht Allgemeingültigen verständlich, und können da¬
152 1700 1209 1745 mit als rhythmisch passionirte Erregung, als rhythmischer
151 1748 1203 1810 Reiz wirken. Wo aber eine solche Besonderheit nicht ge¬
147 1804 1201 1846 wollt, oder in der Beschaffenheit des Satzes nicht ge¬
140 1868 1206 1914 geben ist, da erscheinen sie nur als Regelwidrigkeit, als
143 1907 937 1955 rhythmisch-Krankes in metrisch-Gesundem.
233 1964 1197 2004 33. Mit den metrischen Bedingungen der Dissonanz¬
148 2013 1208 2059 behandlung hängt das zuletzt Besprochene nur in der For¬
143 2069 1202 2116 derung zusammen, nach welcher die gebundene Dissonanz
