1444 2597
766 219 824 259 14
257 308 1322 355 Metrik, dass der Schluss allezeit auf ein metrisch erstes
254 363 1316 419 Moment fällt, dass das Ende nur immer wieder ein Anfang
255 419 441 459 sein kann.
344 468 1318 515 Wir müssen aber diese theoretische Betrachtungsweise
252 523 1311 560 unterscheiden von der Theorie, die unmittelbar in die Pra¬
254 584 1317 619 xis eingreift: die Theorie der harmonischen und metrischen
260 628 1212 675 Gestaltung an sich, von der Theorie der Tonsetzkunst.
342 676 1311 723 Für die künstlerische Werkthätigkeit ist das theoreti¬
257 731 1313 779 sche Wissen und Verstehen der inneren endlich-unendlichen
253 788 1305 827 Einheit, des Grundwesens der Erscheinung mit seinen ver¬
253 836 1319 884 ständigen Unterscheidungsmomenten, kein nothwendiges
256 891 1321 939 Erforderniss; wie es überhaupt die Wissenschaft nicht ist
253 940 824 986 für die Kunst und ihr Gedeihen.
348 995 1307 1044 Ein theoretisches Bewusstsein ist im Acte der poeti¬
253 1059 1320 1099 schen Production, die im Gefühle wurzelt und in innerer
253 1100 1053 1147 Lust schafft und bildet, selbst nicht denkbar.
337 1157 1317 1202 Aber nicht jenes abstract theoretische nur, auch das
259 1205 1299 1251 kunsttheoretische Bewusstsein ist bei diesem Acte ausge¬
257 1260 438 1307 schlossen.
336 1316 1310 1354 Man nennt das musikalische wie das malerische Kunst¬
257 1371 1315 1419 product „Composition”. — Der Künstler componirt, er
255 1420 1315 1465 setzt zusammen, Töne oder Farben, er componirt nach ei¬
254 1467 1310 1514 nem inneren Bilde ein äusseres, dass es mit jenem überein¬
257 1524 1309 1573 stimme, das in seiner Wirkung auch jenes wieder in un¬
257 1579 1320 1619 serm Innern entstehen lassen kann. Durch das innere Bild
256 1638 1308 1683 wird die Wahl der Töne und Farben geleitet und bestimmt,
259 1683 1313 1731 dass ihr Zusammenwirken diesem möglichst entspreche.
257 1732 1318 1779 Es ist vom Künstler nicht Rechenschaft zu verlangen über
252 1795 1317 1834 die Natur der Mittel zu seiner Darstellung; auch nicht über
254 1835 1318 1884 die Natur des innern Bildes selbst: — wenn aber dieses ein
257 1891 1304 1939 harmonisch gefühltes Ganze ist, so werden auch nur har¬
252 1948 1322 1987 monisch gefügte Klang- und Farben-Töne es im Aeusseren
261 1996 1327 2043 darstellen und uns versinnlichend mittheilen können. Dem
250 2051 1311 2106 sinnigen Innern kann nur ein sinniges Aeussere entsprechen,
