1444 2597
680 226 759 275 199
187 323 1253 371 ungen in dem obigen Sinne zu nehmen; öfter wird vom
188 379 1246 428 Componisten zu Erleichterung der praktischen Ausführung,
195 428 1248 475 zu bequemerer Applicatur, zuweilen wohl auch aus Ueber¬
201 483 1241 524 eilung oder aus Mangel gründlicher Kenntniss der Har¬
197 533 1247 580 monie, bewusst oder unbewusst das Eine für das Andere
192 588 1252 644 gesetzt, ohne dass harmonisch eine veränderte Bedeutung
192 643 514 699 damit gemeint sei.
273 692 1247 739 In der Vocalmusik wird es aber in keinem Falle statt¬
195 748 1240 796 haft sein, für den richtigen einen enharmonisch verschie¬
194 800 1251 843 denen Ton zu vermeintlicher Erleichterung der Intonation
190 852 1252 898 zu notiren. Wenn eine Fortschreitung mit der richtigen
192 908 1246 964 Notation für den Sänger nicht zu intoniren ist, so fehlt ihr
195 961 1247 1003 eben die harmonische Vermittlung. Das Schwerzutreffende
186 1020 1255 1058 aber kann für den Gesang durch falsche Notation nicht
189 1073 1253 1108 erleichtert werden. Die kleine Sext ist als Intervall an sich
194 1124 1252 1163 ein leicht zu intonirendes, die übermässige Quint ein sehr
195 1179 1247 1227 unbequemes; wo aber die letztere in der Disposition der
185 1223 1250 1267 Harmonie gegeben ist, würde der Componist nicht das
195 1277 1255 1323 Leichtere für das Schwerere schreiben dürfen, wenn er
192 1331 1257 1380 nicht in den Fall kommen will, dem Sänger vielleicht das
188 1388 635 1436 Unmögliche zuzumuthen.
280 1436 1254 1483 292. In theoretischem Betracht ist es natürlicherweise
189 1491 1252 1540 von der grössten Verschiedenheit, ob aus der C-Durtonart
190 1541 1236 1587 nach der Tonart Fis-Dur oder Ges-Dur modulirt wird,
185 1596 1254 1643 denn diese beiden verhalten sich zu jener eben ganz
190 1651 1248 1691 entgegengesetzt: Ges zu C, wie C zu Fis. In der Praxis, in
193 1700 1238 1755 Clavier- und Orchestermusik, kommt es jedoch öfter vor,
191 1755 1242 1801 dass eine der extremen Tonarten mit der anderen ver¬
185 1811 1241 1850 tauscht wird, was nicht immer eine Modulation auf enhar¬
183 1866 1249 1907 monischem Wege zu nennen ist, denn es kann hier die
190 1916 1246 1961 enharmonische Umdeutung auch vor oder nach der Modu¬
185 1971 1244 2019 lation geschehen. Dabei wird es sich aber zutragen können,
188 2021 1245 2067 dass ein längeres Musikstück, mit solchen enharmonischen
188 2075 1244 2122 Umdeutungen, in C-Dur beginnt und, der inneren Ton¬
