1444 2597
715 228 796 275 258
301 323 1286 370 55. Zu den vierfach bestimmten Accentformen des
225 379 1270 419 dreizeitigen Metrums, welche aus denen des doppel-zwei¬
228 428 1274 483 zeitigen hervorgehen, werden aber noch vier andere treten,
223 483 1277 538 deren Bestimmung zwar auch auf eine doppel-zweizeitig
221 546 1279 594 metrische Formation zu beziehen ist, die aber doppel¬
220 588 1280 635 zweizeitig nicht zur Erscheinung kommen kann, indem
221 642 1286 691 sie an sich schon in die Dreizeitigkeit übergeht. Es sind
225 698 1280 749 diess diejenigen Accentformen, die aus der Verbindung
225 752 1279 803 von Paaren entgegengesetzter Gattung entstehen, und
220 811 1280 851 zwar von entgegengesetzten Paaren innerhalb derselben
224 859 1282 907 metrischen Ordnung; denn bisher war die Entgegensetzung
228 907 1288 963 positiver und negativer Bestimmung nur in den verschie¬
229 963 1285 1011 denen ineinander bestehenden Ordnungen enthalten: das
230 1019 1281 1068 positive Paar der oberen Ordnung konnte Negatives der
233 1067 1283 1123 niederen Ordnung zum Inhalte haben; oder umgekehrt,
236 1115 1291 1171 das negative Paar der oberen mit Positivem der niederen
229 1179 437 1220 erfüllt sein.
313 1227 1295 1275 56. Wenn aber die niedere Ordnung selbst einem
234 1284 1290 1339 positiven Paare ein negatives, oder einem negativen ein
228 1331 618 1387 positives folgen lässt:
233 1524 1289 1572 so entsteht in der Mitte solcher Formationen ein Wider-
233 1573 1285 1622 spruch gegen die Folgebedingung: — sie setzen Glei¬
233 1628 598 1675 ches nacheinander:
226 1756 1301 1803 Das Nacheinander erfordert seinem Begriffe wie seinem
237 1812 1291 1857 Wortausdrucke gemäss, nach Einem, Anderes: nach
236 1867 1295 1907 einem Zweiten ein Erstes, nach einem Ersten ein Zweites.
232 1915 1293 1963 Die in der Mitte obiger Formationen zusammentreffenden
240 1972 1298 2019 Momente: 2—2, 1—1, haben, insofern sie als dieselben
231 2020 1297 2067 Momente verschiedenen Paaren angehören, in dieser
230 2075 1309 2122 Bedeutung allerdings ihre Verschiedenheit; an sich aber
