1444 2597
716 235 800 283 298
227 332 1285 378 zeitigen Formation eine doppel-zweizeitige geworden. Das
229 380 1282 428 letzte Glied dieser letzteren, die zweite Zeit der zweiten
217 435 1285 483 Hälfte des metrisch-Ganzen, ist aber rhythmisch nicht in
217 488 1277 533 Anspruch genommen: die Stelle bleibt, wenn der Schluss
216 546 1277 587 auf die zweite Hälfte fallen, und wenn mit dem zweiten
225 595 1275 635 Gliede dieser Hälfte nicht eine neue rhythmische Figur an¬
215 643 1252 692 heben soll, leer, ohne Inhalt; sie wird metrische Pause.
354 787 1138 836 Erfüllung der metrischen Form. Pause.
308 891 1272 934 86. Die metrische Form kann an sich ihre Bestim¬
221 947 1275 1004 mungsmomente nicht zur Erscheinung bringen, es bedarf
222 995 1277 1044 dazu eines erfüllenden Inhaltes. Wir haben vom Anfange
223 1052 1285 1095 für die Bezeichnung der metrischen Einschnitte hörbare
226 1100 1274 1148 Schläge angenommen; so wenig diese nun als Zeitraum-
228 1156 1271 1195 erfüllend betrachtet werden können, wie es der fortklin¬
224 1211 1278 1258 gende Ton sein würde, so sind sie doch von der abstract
223 1259 1277 1307 formellen Bestimmung auch noch hinwegzudenken. An sich
219 1317 1274 1354 ist die metrische Form nur noch ein leerer Zeitraum, eine
221 1376 1272 1419 metrisch bestimmte Pause; die gegliederte Form eine ge¬
220 1420 645 1475 gliedert gedachte Pause.
298 1467 1267 1515 Diese Form kann sich nun in allen metrisch verschie¬
221 1524 1263 1571 denen Gliederungsbestimmungen, als Ganzes, oder als Ge¬
220 1580 1279 1619 theiltes, in der Gesammtheit der Theile, oder in einzelnen
217 1627 704 1675 Theilen mit Inhalt erfüllen.
480 1747 956 1797 a) Im zweizeitigen Metrum.
293 1844 1275 1889 87. Das zweizeitige Metrum, welches die zwei Be¬
213 1892 1276 1938 stimmungen in sich hat, einmal Zweifaches und zweimal
208 1947 405 1996 Einfaches:
