1444 2597
660 238 718 289 27
145 342 1206 387 Dies ist der Quintbegriff in der Tonart, ihre Ent¬
152 397 1214 435 zweiung, die sich äussert in den unverbundenen Accorden
158 444 1212 491 der Unter- und Oberdominant, F-a-C, G-h-D; wesentlich
154 504 1203 547 aber im Widerspruche der Doppelbedeutung des Einheits¬
154 547 619 596 accordes, C-e-G, besteht.
225 595 1202 643 Das Zugleich-, oder Ineinandersetzen des im Quint¬
153 652 1216 698 begriffe Auseinandergesetzten entspricht auch hier, wie
149 708 1215 755 im Accord, dem Begriffe der verbindenden Terz. Wie aber
157 762 1217 802 dort nicht im abgesonderten Tone, welcher das Terzintervall
152 813 1210 867 zu dem Grundtone bildet, im Tone e des Dreiklanges C-e-G,
160 868 1212 915 seine Terzbedeutung liegt, sondern darin, dass in ihm und
152 917 1216 963 durch ihn der Gegensatz von Grundton und Quint aufgehoben
153 972 1214 1020 ist, so ist es auch hier, in der Tonart, nicht der verbindende
155 1028 1218 1083 mittlere Dreiklang an sich, sondern die Verbindung
157 1088 1216 1132 selbst ist es, was man als dem Terzbegriff entsprechend sich
153 1132 423 1187 zu denken hat.
220 1188 1214 1227 Der gegebene Dreiklang ist erst Einheit, Octav, zerfällt
160 1235 1203 1283 durch seine beiden Dominantaccorde in sich selbst zu ent¬
157 1292 1215 1347 gegengesetzter Bestimmung, zur Zweiheit, wird Quint,
153 1348 1216 1387 und stellt sich in der Vermittlung dieser Beiden als verbin¬
159 1396 1210 1450 dendes Terzmoment, als höhere Einheit, als Einigkeit,
154 1462 1113 1499 oder Einheit der Verbindung daraus wieder her.
