1444 2597
646 243 721 283 251
152 332 1209 379 der niederen Ordnung im accentuirten Gliede der höheren
147 380 1214 435 Ordnung fallen: in A. a) auf die erste Zeit; in A. b) auf
149 443 1208 499 die zweite Zeit; in B. a) auf die dritte Zeit; in B. b) auf
150 497 1208 540 die vierte Zeit. Der Nebenaccent gehört dem accentuirten
155 547 1205 595 Gliede der niederen Ordnung im accentlosen Gliede der
149 603 1213 645 höheren Ordnung. Es ist dies eben der niedere Gliedaccent
152 668 1208 707 an sich, der hier hervortritt. Er fällt in A. a) auf die
155 708 1199 762 dritte; in A. b) auf die vierte; in B. a) auf die erste;
142 763 647 819 in B. b) auf die zweite Zeit.
231 812 1199 866 Die musikalische Bezeichnung fasst die metrisch zwei-,
157 868 1204 915 drei-, oder viertheilige Einheit in den Umfang eines Tactes
149 924 1207 968 zusammen. Bei combinirten metrischen Formationen ist
155 972 1203 1026 der Multiplicator das Bestimmende für die Hauptgliederung
148 1028 1206 1084 des Tactes. Der ⁶⁄₈ Tact, als zweimal-dreitheiliger, ist
147 1083 1210 1125 in oberster Ordnung ein zweitheiliger; der ¹²⁄₈ Tact, als
153 1138 1208 1187 viermal-dreitheiliger, ein viertheiliger. Den Tactanfang
154 1187 1212 1234 bestimmt allezeit ein accentuirtes Moment. Es wird aber
152 1244 1211 1299 nicht jedesmal das höchstbetonte nothwendig Tactan¬
152 1292 1203 1339 fang sein müssen; wir lernen auch metrische Formatio¬
154 1347 1204 1395 nen kennen, in welchen der Hauptaccent auf ein anderes
154 1403 641 1451 als das erste Tactglied fällt.
232 1456 1211 1508 49. Die früher betrachteten metrischen Formen, bevor
148 1507 1214 1554 von dem metrischen Mollbegriffe, von der Folge 2—1, die
150 1563 1205 1611 Rede war beginnen durchgängig mit dem Tactanfange;
155 1613 1204 1659 indem in einer nur in positiven Bestimmungen bestehenden
155 1668 1209 1715 Combination mehrerer Ordnungen der Accent aller auf
154 1728 642 1764 das erste Glied fallen muss.
236 1772 1208 1826 Im metrischen Durbegriffe ist das Erste und Zweite
145 1834 957 1875 als positive Einheit, musikalisch bezeichnet:
230 2044 1214 2089 Im metrischen Mollbegriffe ist das Zweite und Erste,
146 2104 966 2139 als negative Einheit, musikalisch bezeichnet:
