1444 2597
661 242 730 290 351
173 339 1226 380 Grundlage zu bilden bestimmt sei. Dem metrisch-Gleich¬
166 395 1224 435 zeitigen, wie es als zwei- drei- und vierzeitige Formation
165 446 1216 499 auftritt, fehlt noch die rhythmische Spannung, die elasti¬
168 509 1226 547 sche Natur, die mit dem Ungleichzeitigen, mit der beleben¬
168 553 1222 602 den Gliederung des Gliedes erst in das Metrum kommt;
175 603 1228 651 indem sie dann in diesem das metrisch-Gegensätzliche von
169 659 1225 699 Erstem und Zweitem, rhythmisch verbunden, als Einfaches
178 708 1224 756 und Doppeltes in Einem enthält und damit das metrische
169 767 807 811 Auseinandersein nun völlig aufhebt.
254 820 1224 856 170. In der Metamorphose der Pflanze hat die Blü¬
174 873 1229 915 thenbildung den Sinn, dass in ihr die am Stengel sich noch
175 924 1224 977 gegenüberstehenden Blätter um ein Centrum, um eine Axe
183 971 1226 1020 versammelt werden, aus der Trennung des Gegensatzes, des
178 1027 1223 1075 Hüben und Drüben, in den Kreis, in die Einheit der Ver¬
177 1084 1221 1139 bindung zusammentreten. So ist das gleichzeitig-Metri¬
180 1132 1225 1186 sche zu vergleichen der diametral-getrennten Blattstellung;
178 1188 1232 1236 das ungleichzeitig-Rhythmische der central-verbundenen.
177 1242 1226 1283 Ebenso ist aber auch das Trochäische in seiner abstracten
173 1292 1222 1339 Bedeutung als das Melodische der Metrik, wie das Spon¬
177 1353 1053 1395 deïsche als das Harmonische derselben zu setzen.
261 1396 1229 1443 171. Wie nach dem natürlichen Wortrhythmus die
180 1457 1240 1506 strengmetrische Quantität des spondeïschen Daktylus doch
179 1508 1236 1547 fortgehend der mannigfaltigsten Modification unterliegen
179 1564 1239 1611 müsste, indem es ohne härtesten metrischen Zwang nicht
173 1618 1137 1668 ausführbar ist, daktylische Bewegung in der Zeitform
176 1773 1235 1812 anhaltend fortzusprechen; ebenso wird auch die trochäisch¬
179 1820 1237 1875 daktylische Form den Bedingungen der Sprache willig
173 1875 1233 1919 nachzugeben immer bereit sein können. Wiewohl die me¬
181 1925 1241 1971 trische Quantität eine selbständig in sich bestimmte ist, so
173 1979 1228 2025 fügt sie sich doch in der Wechselbeziehung mit dem erfül¬
176 2027 1234 2079 lenden sprachlichen Inhalte auch den rhythmischen Modifi¬
179 2086 1248 2139 cationen, welche dieser als Forderung an sie stellt, und
