1444 2597
657 234 731 283 357
162 338 1227 387 setzt, dass er das Hauptgewicht auf der ersten Hälfte trägt:
165 384 1231 434 die getrennte zweite ist ein schwächerer Nachklang der
161 452 1227 484 ersten. Der Pentameter ist in seiner Hauptformation sin¬
165 492 649 539 kend spondeïsche Dipodie:
243 708 1225 751 Die übrigen Gliederungsverhältnisse sind im Pentame¬
165 763 1117 803 ter dieselben wie im Hexameter, sein Schema daher:
169 1171 1230 1219 die positive Hälfte, welche im Hexameter schliesst, beginnt
159 1227 434 1267 im Pentameter.
257 1276 1229 1323 179. In der Verbindung beider Verse zum Distichon
170 1331 1219 1379 ist aber der Hexameter selbst wieder erste Hälfte des
161 1386 1226 1427 Ganzen, der Pentameter die zweite; und daher ist des
159 1436 1220 1484 Pentameters Hauptaccent ein secundärer, gegen den Haupt¬
165 1492 1218 1531 accent des Hexameters zurücktretender; denn des Penta¬
162 1552 988 1588 meters Erstes ist das Erste in einem Zweiten:
252 2020 1221 2058 180. Was über die ästhetischen Bedingungen und Er¬
168 2067 1229 2120 fordernisse, wie über die rhythmischen Cäsuren dieser
160 2123 1225 2170 Verse zu sagen sein würde, muss hier zurückgehalten
