1444 2597
663 227 745 273 249
158 316 1220 363 konnten wir auch sagen, dass sie als negative von ihm
170 378 1220 422 ausgehen (I. 31). In diesem Sinne haben wir früher schon
161 428 1218 470 den Mollaccord als negativen Dreiklang bezeichnet: II-III-I.
163 476 1227 523 Dieses Hervorheben oder Primär-setzen des zweiten Drei¬
167 530 1222 587 klangsmomentes und das Secundär-setzen des ersten, wird
169 587 1227 642 in metrischem Sinne sich darin aussprechen, dass nicht
166 640 1221 684 das erste, sondern das zweite Glied des metrischen Paares
172 692 1227 748 primäre oder positive Bestimmung erhält; das erste die
169 747 1220 796 secundäre oder relative, d. h. dass nicht das erste,
165 808 909 844 sondern das zweite Glied accentuirt wird.
251 851 1222 899 Dann wird aber, wie im harmonischen, so auch im
170 909 1233 947 metrischen Mollbegriffe, die Zweiheit der Einheit
168 962 1225 1002 ausgesprochen sein, wie der Durbegriff die Einheit der
171 1011 1223 1067 Zweiheit ausspricht; denn es wird mit der Betonung
169 1060 1225 1123 des zweiten Gliedes dieses als ein positiver Anfang be¬
168 1116 1229 1163 zeichnet, — wie jedes accentuirte Moment eben allezeit nur
173 1172 1223 1219 das positiv Erste eines Zweiten sein kann, indem es nur
166 1220 1229 1267 als solches den Accent erhält —, und wenn die metrische
172 1276 1230 1324 Zwei-Einheit des Durbegriffes ein Erstes und Zweites
172 1332 1224 1387 als ein Ganzes enthält, so wird dieselbe im Mollbegriffe
171 1387 1220 1428 ein Zweites und Erstes zusammenfassen; in ihrer
169 1435 1223 1491 Mitte aber, da sie einen betonten metrisch-positiven Anfang
168 1492 1224 1538 auf die zweite Hälfte setzt, als ein Getrennt-Verbundenes
176 1539 523 1586 erscheinen müssen.
236 1673 1160 1723 Accente die aus dieser doppelten Bestimmung
566 1723 830 1787 hervorgehen.
460 1824 939 1868 a) Im zweizeitigen Metrum.
253 1900 1242 1944 47. In der metrisch-positiven oder Dur-Einheit
171 1956 698 2002 folgt dem Ersten ein Zweites,
