1444 2597
692 217 783 263 302
282 1644 1259 1684 90. Bei diesen metrischen Erfüllungsformen ist aber
198 1693 1247 1739 für alle Gliederungen nur positive Accentbestimmung ge¬
197 1747 1254 1803 setzt, wie aus der musikalischen Bezeichnung zu sehen ist,
191 1804 1248 1843 in welcher sie durchgängig mit dem Tactanfange beginnen.
289 1851 1259 1899 Wie dieselben als ganz oder theilweis erfüllte sich
189 1914 1253 1955 mit allen anderen Accentbestimmungen combiniren wür¬
197 1956 1261 2005 den, und wiefern diese an den theilweis erfüllten zur
193 2011 1261 2059 Erscheinung kommen könnten, davon ist die ausführliche
196 2065 1257 2107 Darstellung nicht zu unternehmen; sie würde in das
