1444 2597
662 252 742 291 305
168 340 1230 387 wonach in der Octav $$MATH, in der Quint $$MATH, in der
170 395 1224 442 Terz $$MATH, der tiefere Ton als Bestimmung aus der
169 445 1231 491 Einheit des höheren erscheint; so wird also auch in die
166 500 1225 542 metrischen Verhältnisse der Sinn treten, dass wir Be¬
168 563 1225 610 stimmtes an der Stelle des Bestimmenden erhalten, wenn
173 604 1227 658 die negative Gliederfolge (2—1) für die positive (1—2)
174 659 415 715 gesetzt wird:
252 1076 1232 1122 94. Ohne das Erkennen eines Gegensatzes positiver
168 1138 1235 1188 oder negativer Einheit im metrisch-Zweifachen, positiver
173 1187 1233 1237 oder negativer Zweiheit im metrisch-Dreifachen, und
175 1236 1228 1291 positiver oder negativer Dreiheit im metrisch-Vierfachen,
170 1292 1221 1339 ist die Natur dieser metrischen Formationen nicht zu fas¬
170 1340 1231 1388 sen. Der Begriff ihres organischen Wesens geht aber über
178 1396 1226 1443 die Bestimmung des Gegensatzes zu der der Wiederauf¬
181 1451 1228 1492 hebung desselben fort, indem er die zwei, drei oder vier
173 1500 1237 1547 Glieder zum gegliedert-Ganzen zusammennimmt und in
179 1555 1233 1603 Eins verschmilzt, und dies Ganze wieder zu einer Einheit
174 1612 1228 1660 macht, die in ihrem eigenen Gegensatze und der Negation
172 1659 842 1706 desselben weitere Bestimmung findet.
263 1715 1227 1761 95. Hier möchte noch einem Bedenken entgegen¬
178 1763 1237 1811 zukommen sein, das bei den bisherigen Vergleichun¬
179 1812 1223 1875 gen der metrischen mit den musikalischen Verhältnissbe¬
177 1875 1237 1916 stimmungen entstehen konnte, indem die musikalischen
178 1924 1224 1971 in den drei Intervallen $$MATH, $$MATH, $$MATH, ein Einfaches,
172 1971 1233 2024 Zweifaches und Vierfaches in der uns schon bekann¬
179 2034 1241 2075 ten Bedeutung zu einander setzen, die metrischen aber
180 2083 1236 2132 ein Zweifaches, Dreifaches und Vierfaches; so
