1444 2597
717 211 770 259 20
210 307 1269 355 nen Schwingung enthalten ist und in den folgenden nur wie¬
206 363 1259 401 derholt wird; denn das Wiederholen derselben Sache, in grös¬
208 420 1269 460 serer oder geringerer Geschwindigkeit, verändert sie nicht.
295 468 1268 515 5. Es ist die bestimmte Klanghöhe vielmehr die Mani¬
201 516 1277 563 festation eines bestimmten Grades der Spannung, die im
207 572 1267 618 elastischen Material vorhanden ist. Die Spannung aber kön¬
208 635 1265 675 nen wir betrachten als eine in einem Widerstande
208 675 1272 731 fixirte Kraftwirkung, die als eine grössere, im Ver¬
204 731 1269 780 hältniss zum Widerstande, sich klingend äussert im höhe¬
204 787 1093 835 ren, als eine geringere, im tieferen Klange.
297 836 1268 881 6. Dieselbe Kraft in quantitativ verschiedenem Wider¬
214 898 1268 947 stande wird ebenso die Klanghöhe verschieden hervorgehen
210 948 1264 995 lassen, wie quantitativ verschiedene Kraft in demselben
204 996 1271 1042 Widerstande. Denn es spricht die Klanghöhe eben nur das
205 1052 1266 1099 Verhältniss der beiden combinirten Bedingungen aus: der
204 1108 1269 1159 Kraft als activer, des Widerstandes, oder der Last, als
214 1163 1265 1217 passiver. So wird der Klang einer gespannten Saite ebenso¬
208 1220 1272 1267 wohl erhöhet durch Verkürzung der Saite, wie durch grösseres
210 1268 1268 1315 spannendes Gewicht; und zwar kann dies, indem diese
210 1322 1268 1363 Bedingungen quantitative sind, in bestimmbaren Graden
206 1371 729 1419 und Verhältnissen geschehen.
296 1427 1270 1475 7. Der Klang kommt durch ein materielles Mittel zwar
209 1492 1269 1539 erst zur Erscheinung; es ist ein körperliches, besonders
204 1532 1267 1587 bedingtes Medium und seine elastisch schwingende Bewegung
207 1595 1250 1635 zu dem Entstehen des Klanges erforderlich: in seinem We¬
207 1643 1272 1696 sen ist er aber nicht an diesem Material, als eine Aeusserung
205 1699 1269 1739 dessen qualitativer Beschaffenheit enthalten, sondern es ist
205 1755 1270 1795 eben nur das Werden der abstracten inneren Einheitsform
208 1811 1272 1860 am Material, der in der elastischen Bewegung sich aus der
210 1853 1262 1900 Ungleichheit herstellenden Gleichheit, was wir als Klang¬
204 1915 1271 1964 erscheinung wahrnehmen. So ist auch die Bestimmung der
209 1964 1269 2007 Klanghöhe nicht in an sich bestimmten Kraft- und Last¬
208 2027 1268 2060 quantitäten enthalten, sondern eben nur in dem abstracten
210 2068 1259 2115 Verhältnisse, in welchem diese Factoren zu einander stehen.
