1444 2597
704 226 789 268 286
210 597 1280 643 noch in den Umfang des accentuirten dreizeitigen Theiles
212 644 1273 697 fällt, nicht die dreifache Betonung wie das erste erhalten,
217 692 1274 738 oder einen Zweifel entstehen lassen, welchem dieser bei¬
221 748 1267 795 den Glieder sie zukommen solle. In diesem zweiten drei¬
213 803 1274 850 zeitigen Gliede, das als solches ohne Accent ist, tritt die¬
209 859 1278 907 ser Accent, mit dem Gliedaccente verbunden, eben nur
209 907 1270 955 als zweifacher hervor, der mit den zwei übrigen Gliedern
217 955 487 1019 die Accentfolge
207 1099 1274 1154 ergibt. Der erste, der accentuirte dreizeitige Theil erhält
208 1147 554 1203 aber die Betonung.
207 1307 985 1363 Beide dreizeitige Glieder ineinandergesetzt:
203 1603 694 1660 können jetzt nur die Figur:
203 1795 1270 1843 hervorbringen; denn der Gliedaccent der zweiten Zeit des
205 1860 1269 1899 ersten dreizeitigen Theiles ist derselbe, welcher in der ersten
207 1908 1264 1946 Zeit des zweiten dreizeitigen Theiles zu dem Paaresaccente
205 1956 1267 2010 dieses Gliedes getreten und diesem die zweifache Betonung
204 2019 1269 2067 ertheilt hat; er ist also dieser nicht zu dreifacher Betonung
210 2068 1268 2108 zuzufügen, da er schon in der zweifachen mit enthalten ist.
