1444 2597
689 235 768 275 242
194 330 1241 379 muss daher hier eine andere Bedeutung erhalten, als die,
190 379 1253 427 welche ihm in der zweizeitigen Formation zukommt; es kann
192 428 1256 476 nicht ein schlechthin accentloses sein, was es auch in der
197 489 1244 539 wiederholt-zweizeitigen sein würde: denn von dem doppel¬
190 547 1252 594 zweizeitigen Metrum unterscheidet sich das vierzeitige eben
192 587 1251 642 dadurch wesentlich, dass dieses durch die Bestimmung
197 644 1255 690 des dritten Momentes hindurchgegangen ist und mit diesem
191 700 1253 747 Momente seines Werdens die beiden Hälften des Ganzen
197 749 1252 794 nicht nur als das zu verbindende Erste und Zweite, son¬
200 803 1250 851 dern als ein an sich schon Einiges, in sich Verwachsenes
199 860 1256 900 enthält. Wenn demnach der Accent des doppel-zweizeitigen
200 907 1243 963 Metrums nur das erste und dritte Glied hervorheben kann,
198 964 1248 1011 das zweite aber wie das vierte unbedingt fallen lässt, so
192 1020 1252 1060 wird er im vierzeitigen das zweite Glied gegen das erste
196 1076 1250 1123 und dritte nicht in dem Grade können zurücktreten lassen,
196 1131 1254 1172 wie das vierte zurücktritt: er wird die Geltung müssen
198 1179 1248 1219 empfinden lassen, die diesem zweiten in seinem Verhält¬
192 1227 1248 1275 nisse zu dem dritten, bevor das letzte hinzutrat, zuge¬
200 1283 424 1324 kommen ist:
275 1555 1242 1599 35. Sonach werden hier drei accentuirte Glieder nach¬
197 1604 1252 1658 einander folgen; indem, wie das erste zu dem zweiten,
188 1660 1254 1708 auch das zweite zu dem dritten, und das dritte zu dem
194 1716 1069 1757 vierten im Gliederpaare als primäres voransteht.
527 1827 942 1875 Combinirte Accente.
280 1918 1260 1963 36. Zu dieser Accentbestimmung, welche nur die
201 1972 1256 2019 Glieder in der Bedeutung zu ihrem Paare betrifft, tritt aber
193 2019 1259 2066 in der Verbindung von Paaren eine andere, höherer Ord¬
194 2077 1254 2131 nung hinzu, nämlich die für die Paare selbst. Wie alles,
