1444 2597
725 227 798 275 48
220 324 1272 369 im Verbindungsmomente des die Dominantdreiklänge verbin¬
218 379 1281 418 denden tonischen Dreiklanges besteht, wenn hier der Ton e
217 427 1275 475 im gleichen Grade geneigt sein kann sich nach F und nach
225 484 1276 539 D zu bewegen, so wird, wenn fis in das System eingetreten,
223 540 1277 579 d. h. wenn die Oberdominantterz der G-Durtonart ange¬
222 587 546 643 sprochen wird, in
220 691 1276 736 dieser Schwerpunkt nicht mehr in der vorigen Stelle, son¬
220 754 1281 804 dern in dem Momente des tonischen Dreiklanges gesetzt
221 802 1262 844 sein, der dem Dreiklange, zu welchem die Oberdominant¬
225 852 1273 908 terz erschienen, angehört, nämlich in der tonischen Quint,
227 908 1283 955 als Grundton des Oberdominantdreiklanges. Aber nicht in
227 956 1280 1004 völlig tonischer Bedeutung tritt dieses G hier auf, denn die
227 1012 1271 1059 Tonart hat mit dem Eintritte der Terz der Oberdominant¬
228 1068 1269 1121 quint, fis, nur den Grundton des Unterdominantdreiklanges,
218 1117 1274 1163 F, aufgegeben, nicht den aus seiner Terz a, und dem toni¬
225 1171 1271 1226 schen Terzintervall C—e, sich bildenden a-Molldreiklang,
222 1228 1270 1267 welcher in seinem Grundtone a der G-Durtonart nicht an¬
223 1276 1272 1331 gehört. Der e-Molldreiklang ist jetzt der vermittelnde,
221 1333 1275 1378 dessen Terz G nun die Mitte des Systemes, der äusseren
222 1387 1277 1427 Stellung wie der inneren Bedeutung nach, sein muss. Wie
222 1442 1276 1484 vorher der mittelste Ton e nach beiden Seiten, nach den
223 1492 1276 1547 Grenztönen F oder D, überzugehen in gleichem Grade geneigt
222 1540 1276 1586 war, so wird es jetzt G sein, das nach a oder nach fis über¬
229 1604 1278 1650 zutreten bestimmt werden kann. Mit dem Eintritte der Quint
227 1651 1277 1699 des Oberdominantdreiklanges der G-Durtonart würde der
218 1701 1275 1747 Unterdominantdreiklang der C-Durtonart völlig aufgegeben
216 1756 1272 1803 sein, indem der Ton A die Unterdominantterz a ausschliesst.
217 1812 1273 1852 Der tonische C-Durdreiklang ist dann selbst Unterdomi¬
216 1870 1281 1907 nantaccord geworden und die Mitte des Systemes besteht
218 1915 1271 1963 nun in der Terz h des tonisch gewordenen G-Durdrei¬
225 1971 1270 2011 klanges. Derselbe Vorgang würde sich in entgegengesetzter
217 2020 1278 2067 Ordnung ergeben, wenn die Tendenz sich nach der Unter¬
218 2082 1274 2123 dominantseite wenden sollte: es würde mit dem Eintritte
