1444 2597
675 259 766 307 163
176 356 1240 394 anderen Stimme, als gegen eine dritte aufzulösende Disso¬
181 403 685 450 nanz vorgehalten sein kann.
273 459 1242 507 243. Wenn der Vorhalt in der Bassstimme selbst
185 516 1240 563 enthalten ist, dann wird keiner der übrigen Stimmen
182 571 1244 611 der Auflösungston zugetheilt sein können. Hier tritt der
184 619 1239 667 Bass selbst in die Bedeutung der unter sich bedingten
176 668 1242 723 harmonischen Stimmen, er dissonirt gegen eine über ihm
185 724 1237 770 liegende und hat sich gegen diese aufzulösen. Es kann aber
186 789 1245 827 nicht zugleich der Auflösungston, der nur als tiefste
180 828 1235 891 Stimme mit dem Vorhalte gleichzeitig vorhanden sein könnte,
181 885 1243 939 in der Harmonie selbst vorkommen. Diese Stellung würde
181 940 1232 980 auch wieder die Verkehrtheit eines über dem Basse lie¬
178 987 1242 1043 genden Basses aussprechen; wie eben für alles Ubel- oder
187 1044 1241 1091 Unrichtigklingende der Grund der Unzulässigkeit nicht in
180 1095 1244 1140 besonderen musikalisch-technischen Bedingungen, sondern
184 1148 1241 1195 im Widerspruche gegen ein ganz allgemein zu fassendes
178 1203 1079 1252 Wahre und Wirkliche zu suchen und zu finden ist.
267 1259 1232 1296 Wir können jetzt auf die besonderen Vorkommen¬
177 1308 1242 1355 heiten wieder nicht eingehen, in denen das hier nur als
181 1363 1239 1411 Allgemeines Ausgesprochene Ausnahme findet, wo das hier
176 1420 1239 1460 für unzulässig Erklärte mit voller Berechtigung zulässig und
186 1468 1238 1516 zu bester Wirkung anwendbar wird. Es ist für unseren
183 1524 1209 1579 Zweck nur das direct- und allgemein-Gültige darzulegen.
520 1627 886 1692 Durchgangs-Töne.
579 1699 835 1755 a) Diatonische.
269 1787 1241 1836 244. Wie im Orgelpuncte die Accorde selbstän¬
176 1836 1244 1882 dig sich über einem liegenden Basstone bewegen, so
177 1891 1237 1939 wird auch zu einem liegenden Accorde eine melodische
175 1940 1244 1988 Stimme andere Töne als die Intervalle dieses Accordes
177 1996 1242 2043 können hören lassen. Diese melodisch durchgehenden Töne
173 2051 1236 2096 sind deshalb nicht weniger allezeit nur harmonisch be¬
173 2108 1241 2154 stimmte, da eine andere Tonbestimmung nicht denkbar ist;
