1444 2597
704 204 772 249 90
288 291 1265 338 133. Es kann aber die Auflösung des dissonirenden
213 347 1257 395 Intervalles im Septimenaccorde mit dem Eintritte des ver¬
203 411 1269 458 mittelnden Tones zugleich geschehen, oder sie kann später
211 452 1261 498 erfolgen. Das letztere ist derjenige Vorgang, wo die Sep¬
207 513 1268 555 time vor der Auflösung noch als Vorhalt verweilt. Es stellt
206 564 1265 603 sich in diesem nur der ausführliche, in der unmittelbaren
208 613 1260 659 Auflösung des Septimenaccordes aber ein zusammengezo¬
201 668 716 724 gener Process derselben dar.
298 723 1267 771 134. Im Septimenaccorde e-G-h-D z. B., als Accord¬
212 779 1269 820 zweiheit der Dreiklänge e-G-h und G-h-D, sind die Töne e
206 820 1260 875 und D noch verhältnisslos zu einander. Der geforderte,
209 875 1269 923 eine Beziehung herstellende Ton ist hier a, zu welchem e
202 935 1274 980 als Quint, D als Grundton (in der für die C-Durtonart
213 978 1265 1035 gültigen Quintbedeutung von D—a) sich verhält. Es wird
210 1038 1260 1084 daher für das Terzintervall G-h, der Ton a eintreten müs¬
206 1097 1256 1131 sen, wonach für den Septimenaccord e-G-h-D der Vor¬
214 1138 1262 1188 haltsaccord e-a-D entstanden ist. Das vermittelnde a wird
210 1196 1257 1243 nun aber die Quintbedeutung gegen D oder die Grundtons¬
213 1244 1265 1291 bedeutung gegen e, welche beide hier zugleich in ihm
212 1300 1250 1346 enthalten sind, geltend machen können: es wird also ent¬
215 1362 1263 1403 weder e nach F, oder D nach C fortschreiten, es wird aus
209 1403 1261 1459 e-a-D entweder F-a-D, oder e-a-C entstehen. Auch hier ist,
211 1459 1268 1507 wie es beim Vorhaltsaccorde schon sich fand, die letztere
206 1507 1254 1554 Auflösung, wo der vermittelnde Ton die Grundtonsbedeut¬
208 1564 1271 1613 ung erhält, die hauptsächlich geforderte. Es hat in der
212 1619 1262 1658 Dissonanz D-e, das e mehr Kraft fortzubestehen und D aus
205 1678 1272 1723 seiner Stelle zu verdrängen, als D Kraft hat, sich gegen e
209 1723 1253 1763 zu behaupten und dieses zur Fortschreitung zu nöthigen.
213 1771 1255 1819 Im Septimenaccorde ist aber die Forderung, dass die Sep¬
205 1827 1261 1876 time abwärts trete weniger dringend, als es beim Vorhalte
209 1884 1261 1932 gefordert wird, dass er sich in dieser Bewegung auflöse.
212 1932 1256 1974 Wenn nach der vorhergegangenen Erklärung der Vorbe¬
203 1988 1258 2043 reitung und Auflösung der Vorhaltsdissonanz die Nöthigung
199 2046 1266 2091 zu dieser Fortschreitung hauptsächlich darin liegt, dass
