1444 2597
674 227 757 273 151
181 322 1237 369 das nur durch die tonische Terz melodisch zu vermittelnde
175 371 1235 427 Secundintervall a-h in einer Harmonie der C-Durtonart,
182 427 1238 476 welche, indem sie die Terz e aufgehoben, diese Vermitt¬
175 475 1236 524 lung nicht gewähren kann. Wie aber hier die Septimen¬
177 532 1249 585 stellung der Töne h—a eine direct-melodische Beziehung
183 587 624 634 dieser Töne in der Reihe
179 850 1237 899 nicht anregt, h aus C, a aus G hergeleitet betrachten und
177 908 1236 955 damit das Intervall als ein in Grundton und Quint ver¬
184 961 1245 1012 mitteltes erscheinen lässt; — (in der Fortschreitung C..h
176 1019 1236 1067 durch G, in G..a durch C) ebenso wird nun bei jenem
176 1075 1236 1123 der verminderten Terz fis|as, die Stellung derselben Töne
174 1127 1244 1171 als übermässige Sext as—fis, in Bezug auf eine getrennte
182 1171 382 1227 Herleitung:
175 1379 1234 1426 auch nicht mehr eine widersprechende sein, indem die
182 1443 1236 1476 melodische Führung beider Töne zwar immer nur aus dem
185 1483 1235 1531 Tone G geschehen ist, aber nicht aus dem Einklange
176 1539 1243 1585 desselben, sondern aus dessen Octavverdopplung, aus
180 1595 1220 1644 einem und anderem G, davon das untere, das frühere,
174 1644 1244 1690 als Quint auf C, das obere, spätere, als Grundton auf
179 1700 1233 1746 D zu beziehen ist; — die dissonanten Töne as—fis aber
183 1747 1237 1796 dann nicht in einer melodisch sich zugewendeten, sondern
173 1804 1239 1850 in einer ausser melodische Beziehung gesetzten Lage sich
175 1852 1243 1899 befinden. In dem verminderten Terzintervalle fis|as, hören
180 1907 1234 1963 wir die Fortschreitung aus dem G, das gleichzeitig
180 1961 1234 2007 Quint und Grundton sein soll, — in dem übermässigen
181 2012 1235 2059 Sextintervalle as—fis, die Fortschreitung aus dem G, das
180 2067 1055 2113 erst Quint war, dann Grundton geworden ist.
