<?xml version="1.0" encoding="UTF-8" standalone="yes"?>
<PcGts xmlns="http://schema.primaresearch.org/PAGE/gts/pagecontent/2013-07-15" xmlns:xsi="http://www.w3.org/2001/XMLSchema-instance" xsi:schemaLocation="http://schema.primaresearch.org/PAGE/gts/pagecontent/2013-07-15 http://schema.primaresearch.org/PAGE/gts/pagecontent/2013-07-15/pagecontent.xsd">
    <Metadata>
        <Creator>prov=University of Rostock/Institute of Mathematics/CITlab|PLANET AI GmbH/Gundram Leifert/gundram.leifert@planet-ai.de:name=ONB_Newseye_GT_M1+(htr_id=10810)::::v=2.6.7
prov=University of Rostock/Institute of Mathematics/CITlab|PLANET AI GmbH/Tobias Gruening/tobias.gruening@planet-ai.de:name=de.uros.citlab.module.baseline2polygon.B2PSeamMultiOriented:v=2.6.7
prov=University of Rostock/Institute of Mathematics/CITlab|PLANET AI GmbH/Tobias Gruening/tobias.gruening@planet-ai.de:name=/net_tf/LA73_249_0mod360.pb:de.uros.citlab.segmentation.CITlab_LA_ML:v=2.6.6
Transkribus</Creator>
        <Created>2021-02-02T15:22:37.945+01:00</Created>
        <LastChange>2021-03-17T15:41:29.304+01:00</LastChange>
        <TranskribusMetadata docId="598856" pageId="23846789" pageNr="211" tsid="53823167" status="DONE" userId="74363" imgUrl="https://files.transkribus.eu/Get?id=XABELWCCVABWUZXSDIGPRVCE&amp;fileType=view" xmlUrl="https://files.transkribus.eu/Get?id=UMRGEIRHDQAVGPLLHQUIORHP" imageId="18303255"/>
    </Metadata>
    <Page imageFilename="Hauptmann1853-0220.jpg" imageWidth="1444" imageHeight="2597" type="content">
        <ReadingOrder>
            <OrderedGroup id="ro_1624196714365" caption="Regions reading order">
                <RegionRefIndexed index="0" regionRef="TextRegion_1612641491569_6172"/>
                <RegionRefIndexed index="1" regionRef="TextRegion_1612641491569_6171"/>
                <RegionRefIndexed index="2" regionRef="TextRegion_1612641489712_6167"/>
                <RegionRefIndexed index="3" regionRef="TextRegion_1612641487294_6163"/>
                <RegionRefIndexed index="4" regionRef="TextRegion_1612641483473_6157"/>
                <RegionRefIndexed index="5" regionRef="TextRegion_1612641470247_6153"/>
            </OrderedGroup>
        </ReadingOrder>
        <TextRegion orientation="0.0" type="page-number" id="TextRegion_1612641491569_6172" custom="readingOrder {index:0;} structure {type:page-number;}">
            <Coords points="173,244 1240,244 1240,301 173,301"/>
            <TextLine id="r1l1" custom="readingOrder {index:0;}">
                <Coords points="665,282 680,280 683,283 735,283 746,270 753,270 751,239 740,240 735,236 677,236 670,244 663,244"/>
                <Baseline points="672,274 709,273 746,270"/>
                <TextEquiv>
                    <Unicode>201</Unicode>
                </TextEquiv>
            </TextLine>
            <TextEquiv>
                <Unicode>201</Unicode>
            </TextEquiv>
        </TextRegion>
        <TextRegion orientation="0.0" type="paragraph" id="TextRegion_1612641491569_6171" custom="readingOrder {index:1;}">
            <Coords points="173,301 1240,301 1240,645 173,645"/>
            <TextLine id="r1l2" custom="readingOrder {index:0;}">
                <Coords points="183,371 1214,380 1233,340 184,339"/>
                <Baseline points="190,363 241,362 293,362 345,362 397,362 449,363 500,363 552,363 604,364 656,364 708,364 759,365 811,365 863,365 915,366 967,366 1018,366 1070,366 1122,366 1174,365 1226,365"/>
                <TextEquiv>
                    <Unicode>von characteristischen Eigenthümlichkeiten, von melodi¬</Unicode>
                </TextEquiv>
            </TextLine>
            <TextLine id="r1l3" custom="readingOrder {index:1;}">
                <Coords points="176,428 1241,428 1206,386 176,396"/>
                <Baseline points="183,416 235,416 288,417 340,417 393,417 446,417 498,418 551,418 603,418 656,418 709,418 761,418 814,418 866,418 919,418 972,418 1024,418 1077,419 1129,419 1182,419 1235,420"/>
                <TextEquiv>
                    <Unicode>schem und harmonischem Reize, eine rhythmisch-metrische</Unicode>
                </TextEquiv>
            </TextLine>
            <TextLine id="r1l4" custom="readingOrder {index:2;}">
                <Coords points="172,479 1245,483 1223,436 1020,462 987,435 173,444"/>
                <Baseline points="179,471 232,471 285,471 338,471 391,471 444,471 497,471 550,471 603,471 656,471 709,471 762,471 815,471 868,471 921,471 974,472 1027,472 1080,472 1133,472 1186,472 1239,473"/>
                <TextEquiv>
                    <Unicode>und modulatorische Ordnung bewahren; d. h. solche, die</Unicode>
                </TextEquiv>
            </TextLine>
            <TextLine id="r1l5" custom="readingOrder {index:3;}">
                <Coords points="179,531 1245,531 1245,499 1199,491 179,493"/>
                <Baseline points="186,518 238,520 291,521 343,523 396,523 449,524 501,524 554,525 606,525 659,525 712,525 764,525 817,524 869,524 922,524 975,524 1027,524 1080,525 1132,525 1185,526 1238,527"/>
                <TextEquiv>
                    <Unicode>ihre Schönheiten in der Schönheit des Ganzen, in der</Unicode>
                </TextEquiv>
            </TextLine>
            <TextLine id="r1l6" custom="readingOrder {index:4;}">
                <Coords points="175,578 1245,587 1245,554 1195,539 1156,567 1034,539 175,546"/>
                <Baseline points="181,575 233,576 286,576 339,577 392,577 445,577 498,577 551,577 604,577 657,577 710,577 762,577 815,577 868,577 921,577 974,577 1027,577 1080,577 1133,577 1186,578 1239,579"/>
                <TextEquiv>
                    <Unicode>Wahrheit und vernünftigen Gesetzmässigkeit der an sich</Unicode>
                </TextEquiv>
            </TextLine>
            <TextLine id="r1l7" custom="readingOrder {index:5;}">
                <Coords points="179,643 785,643 766,603 451,596 400,612 383,596 179,596"/>
                <Baseline points="186,629 215,630 245,630 274,630 304,630 334,630 363,630 393,630 423,630 452,629 482,629 512,629 541,629 571,629 601,629 630,629 660,629 690,629 719,629 749,630 779,630"/>
                <TextEquiv>
                    <Unicode>künstlerisch gültigen Form tragen. —</Unicode>
                </TextEquiv>
            </TextLine>
            <TextEquiv>
                <Unicode>von characteristischen Eigenthümlichkeiten, von melodi¬&#13;
schem und harmonischem Reize, eine rhythmisch-metrische&#13;
und modulatorische Ordnung bewahren; d. h. solche, die&#13;
ihre Schönheiten in der Schönheit des Ganzen, in der&#13;
Wahrheit und vernünftigen Gesetzmässigkeit der an sich&#13;
künstlerisch gültigen Form tragen. —</Unicode>
            </TextEquiv>
        </TextRegion>
        <TextRegion orientation="0.0" type="paragraph" id="TextRegion_1612641489712_6167" custom="readingOrder {index:2;}">
            <Coords points="173,645 1240,645 1240,1124 173,1124"/>
            <TextLine id="r1l8" custom="readingOrder {index:0;}">
                <Coords points="256,690 1242,691 1242,660 1165,651 256,652"/>
                <Baseline points="262,683 310,683 359,683 408,683 456,683 505,683 554,683 602,683 651,683 700,683 749,683 797,683 846,683 895,683 943,683 992,683 1041,683 1089,683 1138,683 1187,683 1236,683"/>
                <TextEquiv>
                    <Unicode>294. Eine Unterweisung zu dem praktischen Verfahren</Unicode>
                </TextEquiv>
            </TextLine>
            <TextLine id="r1l9" custom="readingOrder {index:1;}">
                <Coords points="178,747 1246,746 1232,708 1134,699 1016,726 935,700 872,724 179,701"/>
                <Baseline points="185,735 237,735 290,736 343,736 396,736 448,736 501,736 554,737 607,737 659,737 712,737 765,737 818,737 870,737 923,737 976,737 1029,737 1081,737 1134,737 1187,737 1240,737"/>
                <TextEquiv>
                    <Unicode>bei modulatorischen Uebergängen zu geben, ist hier so</Unicode>
                </TextEquiv>
            </TextLine>
            <TextLine id="r1l10" custom="readingOrder {index:2;}">
                <Coords points="185,795 1236,803 1236,763 1119,756 185,765"/>
                <Baseline points="191,787 242,787 294,788 346,789 398,789 450,789 502,790 554,790 606,789 658,789 710,789 761,789 813,789 865,789 917,789 969,789 1021,789 1073,790 1125,790 1177,791 1229,792"/>
                <TextEquiv>
                    <Unicode>wenig beabsichtigt, als bei den früheren Untersuchungen</Unicode>
                </TextEquiv>
            </TextLine>
            <TextLine id="r1l11" custom="readingOrder {index:3;}">
                <Coords points="177,851 1240,865 1240,819 1169,811 177,811"/>
                <Baseline points="184,841 236,842 288,842 341,843 393,843 446,843 498,843 551,843 603,843 656,843 708,843 760,843 813,843 865,843 918,843 970,843 1023,843 1075,843 1128,843 1180,844 1233,844"/>
                <TextEquiv>
                    <Unicode>harmonischer Combinationen ihre technische Anwendung</Unicode>
                </TextEquiv>
            </TextLine>
            <TextLine id="r1l12" custom="readingOrder {index:4;}">
                <Coords points="176,907 1234,914 1234,866 1173,859 176,868"/>
                <Baseline points="182,893 234,894 286,895 338,895 391,896 443,896 495,896 547,896 600,896 652,896 704,896 756,896 809,895 861,895 913,895 965,895 1018,896 1070,896 1122,896 1174,897 1227,898"/>
                <TextEquiv>
                    <Unicode>zur Sprache gekommen ist, die auch bei einer Darstellung</Unicode>
                </TextEquiv>
            </TextLine>
            <TextLine id="r1l13" custom="readingOrder {index:5;}">
                <Coords points="185,955 1236,956 1236,916 185,917"/>
                <Baseline points="192,946 243,947 295,948 347,948 399,949 451,949 503,949 555,949 607,949 659,949 711,949 762,949 814,948 866,948 918,948 970,948 1022,948 1074,948 1126,948 1178,949 1230,949"/>
                <TextEquiv>
                    <Unicode>der Accorde in ausschliesslich engster Intervalllage, und</Unicode>
                </TextEquiv>
            </TextLine>
            <TextLine id="r1l14" custom="readingOrder {index:6;}">
                <Coords points="178,1010 1237,1011 1237,978 1074,963 178,972"/>
                <Baseline points="185,1000 237,1001 289,1001 341,1002 394,1002 446,1002 498,1002 551,1002 603,1002 655,1001 708,1001 760,1001 812,1001 864,1001 917,1000 969,1000 1021,1001 1074,1001 1126,1001 1178,1001 1231,1002"/>
                <TextEquiv>
                    <Unicode>in Fortschreitungen, wie sie ohne Wahl und Willen, nur</Unicode>
                </TextEquiv>
            </TextLine>
            <TextLine id="r1l15" custom="readingOrder {index:7;}">
                <Coords points="173,1066 1238,1066 1238,1027 1077,1019 173,1027"/>
                <Baseline points="180,1054 232,1055 285,1055 337,1056 390,1056 443,1056 495,1056 548,1055 600,1055 653,1055 706,1054 758,1054 811,1054 863,1054 916,1054 969,1053 1021,1054 1074,1054 1126,1054 1179,1055 1232,1055"/>
                <TextEquiv>
                    <Unicode>aus den nächsten Forderungen genöthigt hervorgehen, gar</Unicode>
                </TextEquiv>
            </TextLine>
            <TextLine id="r1l16" custom="readingOrder {index:8;}">
                <Coords points="173,1121 890,1114 890,1087 804,1075 173,1083"/>
                <Baseline points="179,1109 214,1108 249,1108 284,1108 319,1108 355,1108 390,1108 425,1108 460,1108 495,1108 531,1108 566,1108 601,1108 636,1108 671,1108 707,1108 742,1108 777,1108 812,1108 847,1107 883,1107"/>
                <TextEquiv>
                    <Unicode>nicht in Anspruch genommen sein kann.</Unicode>
                </TextEquiv>
            </TextLine>
            <TextEquiv>
                <Unicode>294. Eine Unterweisung zu dem praktischen Verfahren&#13;
bei modulatorischen Uebergängen zu geben, ist hier so&#13;
wenig beabsichtigt, als bei den früheren Untersuchungen&#13;
harmonischer Combinationen ihre technische Anwendung&#13;
zur Sprache gekommen ist, die auch bei einer Darstellung&#13;
der Accorde in ausschliesslich engster Intervalllage, und&#13;
in Fortschreitungen, wie sie ohne Wahl und Willen, nur&#13;
aus den nächsten Forderungen genöthigt hervorgehen, gar&#13;
nicht in Anspruch genommen sein kann.</Unicode>
            </TextEquiv>
        </TextRegion>
        <TextRegion orientation="0.0" type="paragraph" id="TextRegion_1612641487294_6163" custom="readingOrder {index:3;}">
            <Coords points="173,1124 1240,1124 1240,1756 173,1756"/>
            <TextLine id="r1l17" custom="readingOrder {index:0;}">
                <Coords points="262,1170 1225,1171 1238,1129 262,1131"/>
                <Baseline points="269,1159 317,1160 365,1161 413,1161 461,1161 509,1162 557,1162 605,1162 653,1162 701,1161 750,1161 798,1161 846,1161 894,1160 942,1160 990,1160 1038,1160 1086,1159 1134,1159 1182,1159 1231,1159"/>
                <TextEquiv>
                    <Unicode>295. Wenn für den modulatorischen Organismus eines</Unicode>
                </TextEquiv>
            </TextLine>
            <TextLine id="r1l18" custom="readingOrder {index:1;}">
                <Coords points="175,1227 1240,1220 1240,1187 1094,1179 673,1202 175,1179"/>
                <Baseline points="182,1215 234,1215 287,1215 339,1215 392,1215 445,1214 497,1214 550,1214 602,1214 655,1214 708,1214 760,1214 813,1214 865,1214 918,1214 971,1214 1023,1214 1076,1213 1128,1213 1181,1213 1234,1213"/>
                <TextEquiv>
                    <Unicode>Tonstückes Bestimmungen gegeben werden sollten, so</Unicode>
                </TextEquiv>
            </TextLine>
            <TextLine id="r1l19" custom="readingOrder {index:2;}">
                <Coords points="174,1277 1236,1274 1215,1228 1158,1253 174,1235"/>
                <Baseline points="181,1267 233,1267 285,1267 338,1267 390,1267 443,1267 495,1267 547,1267 600,1267 652,1268 705,1268 757,1268 809,1268 862,1267 914,1267 967,1267 1019,1267 1071,1267 1124,1266 1176,1266 1229,1265"/>
                <TextEquiv>
                    <Unicode>könnten es hier eben auch nur ganz allgemeine sein. Die</Unicode>
                </TextEquiv>
            </TextLine>
            <TextLine id="r1l20" custom="readingOrder {index:3;}">
                <Coords points="177,1331 1237,1322 1191,1284 177,1283"/>
                <Baseline points="184,1321 236,1321 288,1321 340,1320 393,1320 445,1320 497,1320 550,1321 602,1321 654,1321 707,1321 759,1321 811,1321 863,1321 916,1321 968,1321 1020,1320 1073,1320 1125,1319 1177,1317 1230,1316"/>
                <TextEquiv>
                    <Unicode>besondere Form bestimmt sich durch den besonderen In¬</Unicode>
                </TextEquiv>
            </TextLine>
            <TextLine id="r1l21" custom="readingOrder {index:4;}">
                <Coords points="180,1387 1157,1396 1239,1379 1239,1346 179,1339"/>
                <Baseline points="186,1374 238,1374 290,1374 343,1374 395,1374 447,1374 500,1374 552,1374 604,1374 657,1374 709,1374 761,1374 814,1374 866,1374 918,1374 971,1374 1023,1374 1075,1373 1128,1373 1180,1373 1233,1373"/>
                <TextEquiv>
                    <Unicode>halt; nur in den weitesten Umrissen und in der engsten</Unicode>
                </TextEquiv>
            </TextLine>
            <TextLine id="r1l22" custom="readingOrder {index:5;}">
                <Coords points="173,1435 1229,1426 1174,1395 173,1395"/>
                <Baseline points="180,1426 232,1426 284,1426 336,1427 388,1427 440,1427 492,1427 544,1427 596,1427 648,1427 701,1427 753,1427 805,1427 857,1427 909,1427 961,1427 1013,1426 1065,1426 1117,1425 1169,1425 1222,1424"/>
                <TextEquiv>
                    <Unicode>Einzelheit wird sie allgemein gültiger Gesetzlichkeit unter¬</Unicode>
                </TextEquiv>
            </TextLine>
            <TextLine id="r1l23" custom="readingOrder {index:6;}">
                <Coords points="171,1492 1237,1491 1237,1452 1192,1444 171,1444"/>
                <Baseline points="177,1479 229,1479 282,1479 334,1480 387,1480 440,1480 492,1480 545,1480 598,1480 650,1480 703,1480 756,1480 808,1480 861,1480 914,1480 966,1480 1019,1480 1072,1479 1124,1479 1177,1479 1230,1478"/>
                <TextEquiv>
                    <Unicode>liegen. Das Besondere im Allgemeinen, wie das Allgemeine</Unicode>
                </TextEquiv>
            </TextLine>
            <TextLine id="r1l24" custom="readingOrder {index:7;}">
                <Coords points="183,1547 1232,1538 1214,1499 183,1500"/>
                <Baseline points="189,1532 240,1533 292,1533 344,1533 396,1533 448,1533 499,1533 551,1533 603,1533 655,1533 707,1533 758,1533 810,1533 862,1533 914,1533 966,1532 1017,1532 1069,1532 1121,1532 1173,1532 1225,1532"/>
                <TextEquiv>
                    <Unicode>im Besonderen, das Individuelle, ist aber eben erst die</Unicode>
                </TextEquiv>
            </TextLine>
            <TextLine id="r1l25" custom="readingOrder {index:8;}">
                <Coords points="175,1588 1237,1603 1216,1548 175,1556"/>
                <Baseline points="181,1582 233,1583 286,1585 338,1586 391,1586 443,1587 496,1587 548,1587 601,1587 653,1587 706,1586 758,1586 811,1586 863,1585 916,1585 968,1585 1021,1585 1073,1585 1126,1585 1178,1585 1231,1585"/>
                <TextEquiv>
                    <Unicode>Wirklichkeit, die sich in ihrem concreten Dasein vernünftig</Unicode>
                </TextEquiv>
            </TextLine>
            <TextLine id="r1l26" custom="readingOrder {index:9;}">
                <Coords points="177,1652 1235,1640 1174,1604 177,1612"/>
                <Baseline points="184,1640 236,1639 288,1639 340,1639 392,1639 445,1639 497,1639 549,1639 601,1639 653,1639 706,1639 758,1639 810,1639 862,1639 914,1639 967,1639 1019,1639 1071,1638 1123,1638 1175,1637 1228,1636"/>
                <TextEquiv>
                    <Unicode>ausspricht, die aber verständig nur in abstracter Allge¬</Unicode>
                </TextEquiv>
            </TextLine>
            <TextLine id="r1l27" custom="readingOrder {index:10;}">
                <Coords points="178,1701 1238,1699 1215,1660 178,1667"/>
                <Baseline points="185,1692 237,1692 289,1692 341,1692 394,1692 446,1692 498,1692 551,1692 603,1692 655,1692 708,1692 760,1692 812,1692 864,1692 917,1692 969,1692 1021,1692 1074,1692 1126,1692 1178,1692 1231,1692"/>
                <TextEquiv>
                    <Unicode>meinheit oder in abstracter Besonderheit zu fassen sein</Unicode>
                </TextEquiv>
            </TextLine>
            <TextLine id="line_1612641483496_6161" custom="readingOrder {index:11;}">
                <Coords points="176,1751 277,1751 279,1725 204,1722 190,1709 178,1708"/>
                <Baseline points="183,1744 212,1745 241,1746 271,1748"/>
                <TextEquiv>
                    <Unicode>kann.</Unicode>
                </TextEquiv>
            </TextLine>
            <TextEquiv>
                <Unicode>295. Wenn für den modulatorischen Organismus eines&#13;
Tonstückes Bestimmungen gegeben werden sollten, so&#13;
könnten es hier eben auch nur ganz allgemeine sein. Die&#13;
besondere Form bestimmt sich durch den besonderen In¬&#13;
halt; nur in den weitesten Umrissen und in der engsten&#13;
Einzelheit wird sie allgemein gültiger Gesetzlichkeit unter¬&#13;
liegen. Das Besondere im Allgemeinen, wie das Allgemeine&#13;
im Besonderen, das Individuelle, ist aber eben erst die&#13;
Wirklichkeit, die sich in ihrem concreten Dasein vernünftig&#13;
ausspricht, die aber verständig nur in abstracter Allge¬&#13;
meinheit oder in abstracter Besonderheit zu fassen sein&#13;
kann.</Unicode>
            </TextEquiv>
        </TextRegion>
        <TextRegion orientation="0.0" type="paragraph" id="TextRegion_1612641483473_6157" custom="readingOrder {index:4;}">
            <Coords points="173,1756 1240,1756 1240,2026 173,2026"/>
            <TextLine id="r1l29" custom="readingOrder {index:0;}">
                <Coords points="264,1810 1240,1803 1212,1763 264,1764"/>
                <Baseline points="271,1797 319,1797 367,1797 415,1797 463,1798 511,1798 559,1798 607,1798 655,1798 703,1798 752,1798 800,1798 848,1798 896,1798 944,1798 992,1798 1040,1798 1088,1797 1136,1797 1184,1796 1233,1796"/>
                <TextEquiv>
                    <Unicode>296. Dass Etwas aus der Einheit in Gegensatz mit sich</Unicode>
                </TextEquiv>
            </TextLine>
            <TextLine id="r1l30" custom="readingOrder {index:1;}">
                <Coords points="173,1858 1236,1856 1183,1812 173,1828"/>
                <Baseline points="179,1850 231,1850 284,1851 336,1851 389,1851 441,1851 494,1851 546,1851 599,1851 651,1852 704,1852 756,1852 809,1852 861,1852 914,1852 966,1851 1019,1851 1071,1851 1124,1851 1176,1850 1229,1850"/>
                <TextEquiv>
                    <Unicode>selbst trete und dieser Gegensatz wieder aufgehoben und in</Unicode>
                </TextEquiv>
            </TextLine>
            <TextLine id="r1l31" custom="readingOrder {index:2;}">
                <Coords points="177,1914 1071,1923 1239,1914 1239,1867 177,1875"/>
                <Baseline points="183,1903 235,1903 288,1903 340,1903 393,1903 445,1904 498,1904 550,1904 603,1904 655,1905 708,1905 760,1905 813,1905 865,1905 918,1905 970,1905 1023,1904 1075,1904 1128,1904 1180,1903 1233,1902"/>
                <TextEquiv>
                    <Unicode>die Einigkeit vermittelt werde, das ist der Begriff alles</Unicode>
                </TextEquiv>
            </TextLine>
            <TextLine id="r1l32" custom="readingOrder {index:3;}">
                <Coords points="172,1961 1223,1971 1240,1923 172,1931"/>
                <Baseline points="179,1953 231,1954 284,1955 337,1956 389,1956 442,1957 495,1957 547,1957 600,1958 653,1958 706,1958 758,1958 811,1957 864,1957 916,1957 969,1957 1022,1957 1074,1957 1127,1957 1180,1958 1233,1958"/>
                <TextEquiv>
                    <Unicode>wirklichen Werdens und aller vernünftigen Formation und</Unicode>
                </TextEquiv>
            </TextLine>
            <TextLine id="r1l33" custom="readingOrder {index:4;}">
                <Coords points="177,2020 980,2019 926,1980 177,1979"/>
                <Baseline points="184,2009 223,2010 263,2010 302,2010 342,2010 381,2010 421,2010 460,2011 500,2011 539,2011 579,2011 618,2011 658,2011 697,2011 737,2011 776,2011 816,2011 855,2011 895,2011 934,2011 974,2011"/>
                <TextEquiv>
                    <Unicode>eben auch der Begriff zu ihrem Verständniss.</Unicode>
                </TextEquiv>
            </TextLine>
            <TextEquiv>
                <Unicode>296. Dass Etwas aus der Einheit in Gegensatz mit sich&#13;
selbst trete und dieser Gegensatz wieder aufgehoben und in&#13;
die Einigkeit vermittelt werde, das ist der Begriff alles&#13;
wirklichen Werdens und aller vernünftigen Formation und&#13;
eben auch der Begriff zu ihrem Verständniss.</Unicode>
            </TextEquiv>
        </TextRegion>
        <TextRegion orientation="0.0" id="TextRegion_1612641470247_6153" custom="readingOrder {index:5;} structure {type:paragraph-continued;}">
            <Coords points="173,2026 1240,2026 1240,2131 173,2131"/>
            <TextLine id="r1l34" custom="readingOrder {index:0;} textStyle {offset:37; length:1;italic:true; fontSize:0.0; kerning:0; bold:true;} textStyle {offset:38; length:3;italic:true; fontSize:0.0; kerning:0;} textStyle {offset:41; length:1;italic:true; fontSize:0.0; kerning:0; bold:true;} textStyle {offset:42; length:3;italic:true; fontSize:0.0; kerning:0;} textStyle {offset:45; length:1;italic:true; fontSize:0.0; kerning:0; bold:true;}">
                <Coords points="248,2069 1235,2073 1235,2033 1198,2028 1076,2050 248,2027"/>
                <Baseline points="255,2063 303,2063 352,2063 400,2063 449,2063 498,2063 546,2063 595,2064 644,2064 692,2064 741,2064 790,2065 838,2065 887,2065 936,2065 984,2065 1033,2065 1082,2064 1130,2064 1179,2063 1228,2063"/>
                <TextEquiv>
                    <Unicode>Die harmonische Folge der Dreiklänge C...G...C, oder</Unicode>
                </TextEquiv>
            </TextLine>
            <TextLine id="r1l35" custom="readingOrder {index:1;} textStyle {offset:44; length:7;italic:true; fontSize:0.0; kerning:0;}">
                <Coords points="167,2123 1154,2140 1244,2123 1244,2092 167,2093"/>
                <Baseline points="173,2116 226,2116 279,2117 332,2117 385,2117 439,2117 492,2117 545,2118 598,2118 651,2118 705,2118 758,2118 811,2118 864,2118 917,2118 971,2117 1024,2117 1077,2117 1130,2117 1183,2117 1237,2117"/>
                <TextEquiv>
                    <Unicode>die drei ersten Töne der melodischen Leiter C..D..e, die</Unicode>
                </TextEquiv>
            </TextLine>
            <TextEquiv>
                <Unicode>Die harmonische Folge der Dreiklänge C...G...C, oder&#13;
die drei ersten Töne der melodischen Leiter C..D..e, die</Unicode>
            </TextEquiv>
        </TextRegion>
    </Page>
</PcGts>
