1444 2597
713 259 801 301 190
225 362 1290 404 und der neugewählten gemäss seine Fortschreitung nehmen
225 404 371 450 können.
309 451 1284 498 283. Ebenso stehen bei der erstgenannten Aufeinan¬
228 508 1283 562 derfolge der Dreiklänge C-Dur und Des-Dur, dem letzteren,
231 563 1283 610 ausser der obigen als f: VI, noch die Bedeutungen Des: I,
229 612 1289 658 Ges: V, ges: V und As: IV zu Gebot; so dass die weitere
236 659 1282 714 Folge sich eben auf die Tonarten F-Moll, Des-Dur, Ges-Dur,
229 716 893 763 Ges-Moll und As-Dur beziehen kann.
312 763 1282 819 284. Wie dem Ausgangsaccorde, als Durdreiklang,
232 819 1280 867 hier auch eine fünffache Deutung zu geben sein würde, so
231 869 1286 915 kommt einem Molldreiklange die vierfache zu. Ebenso
226 924 1288 971 einem verminderten die verschiedene, die wir früher nach¬
232 985 1281 1027 gewiesen; wie auch dieselben Septimenaccorde in ver¬
229 1033 1285 1076 schiedenen Tonarten anders bedeutet wieder erscheinen
226 1090 1288 1139 und dadurch zu modulatorisch verschiedenen Uebergängen
225 1132 358 1179 führen.
321 1187 1282 1234 So ist schon innerhalb der Bedingung, dass die beiden
228 1236 1283 1283 Accorde unmittelbarer Folge zu derselben Tonart gehören
234 1298 1287 1339 sollen, eine unendliche Mannigfaltigkeit des Tonartwechsels
232 1340 380 1395 möglich.
311 1396 1287 1442 285. Es wird aber auch ein Uebergang stattfinden
231 1443 1288 1492 können zwischen Accorden, die nicht derselben, die aber
232 1499 1293 1547 nächstverwandten Tonarten angehören. Wenn auf den
234 1547 1287 1602 C-Durdreiklang der E-Dur, A-Dur- oder Es-Durdreiklang
233 1609 1283 1651 unmittelbar folgt, so sind in diesen Folgen die beiden
232 1662 1285 1700 nebeneinanderstehenden Accorde nicht in einer Tonart
232 1707 1288 1755 enthalten; wie in allen Fällen, wo eine Chromatische Fort¬
234 1762 1295 1804 schreitung geschieht, auch das Gebiet einer anderen Tonart
234 1812 1291 1867 betreten wird. In der ersten Folge C-e-G...H-E-gis, wird
228 1859 1284 1908 die Terz des tonischen C-Durdreiklanges Grundton des
233 1916 1289 1963 Oberdominantaccordes der A-Molltonart. In der zweiten:
235 1963 1284 2012 C-e-G...cis-E-A, wird sie Quint des Oberdominantaccordes
228 2019 1288 2075 der D-Molltonart. In der dritten: C-e-G...B-Es-g, ist zuerst
233 2067 1291 2115 das positive Quintverhältniss von C-e-G in das negative
