1444 2597
647 251 741 299 107
161 348 1219 395 wärtsgetretenen e, welches als Septime von F sich nach
168 403 869 451 D aufzulösen hatte, hervorgegangen ist.
247 459 1222 498 156. Wie diese Reihe aber in jedem ihrer Glieder
163 517 1215 563 gegen das Vorangegangene eine folgerechte Dissonanzbil¬
165 556 1218 611 dung enthält, so erweist dagegen die andere schon in der
160 612 1216 668 Folge vom zweiten zum dritten Gliede, h-C-e-G...h-D-e-G,
168 668 1224 716 sich unzulässig, indem hier die Septime aufsteigend zu dem
159 724 1210 764 Grundtone herantritt, die, wo sie nicht vorbereitet ist,
157 779 1213 826 nur aus diesem selbst hervorgehen kann. Es wird somit,
165 828 1226 873 wenn die Folge C-e-G...h-D-F-G sich dem Gehöre als eine
161 884 1223 939 vollkommen richtige ergibt, die Bildung derselben nicht
163 939 1224 979 aus obiger zweiten Reihe zu erklären sein, wie es die
163 987 1226 1035 Bildung der Folge C-e-G...C-D-F-a aus der ersten ist, in
161 1044 1221 1091 welcher jedes Glied gegen das vorhergehende sowohl, wie
165 1102 1212 1148 gegen das folgende sich folgerecht verhält; ihr Bildungspro¬
168 1147 1223 1194 cess wird ein anderer sein müssen. Wir kommen bei Be¬
167 1196 1159 1243 trachtung des Dominantseptimenaccordes darauf zurück.
250 1251 1225 1299 157. Jede andere Folge aus einem Dreiklange in den
158 1306 1221 1348 unverbundenen der Oberdominantseite, als jene, welche
156 1355 1219 1403 aus dem tonischen Dreiklange in den oberen verminderten
161 1411 1201 1452 führt, wird die Unzulässigkeit, die wir in der Dissonanz¬
165 1460 1203 1507 bildung hier gefunden haben, auch sogleich in der Wirk¬
164 1517 1215 1563 ung empfinden lassen. Wie z. B. D|F-a...C-e-G-a, e-G-h...
162 1571 1213 1611 D-F-a-h, F-a-C...e-G-h-C u. s. w. Hier werden wir immer
161 1627 1220 1667 nur die Wahl haben, zwei Dreiklänge in primärer Lage
157 1675 1223 1722 fortgeschritten neben einander zu vernehmen, oder die
164 1732 1216 1771 Septime aufsteigend zu dem Grundtone treten zu sehen.
161 1780 1226 1828 Das Eine ist aber wie das Andere gegen die Natur des
161 1844 587 1891 vermittelten Fortganges.
245 1891 1224 1939 158. Der Uebergang C-e-G...C-D-F-a, in obiger
154 1939 1221 1987 Unterdominantreihe steht durch seine Zwischenglieder
166 1996 1222 2042 C-e-G-a und C-e-F-a in verständlicher Folge. Wie
151 2052 1217 2089 aber diese Folge durch zwei dem C-D-F-a vorange¬
150 2099 1225 2145 hende Septimenaccorde führt, und so den dritten Septi¬
