1444 2597
662 220 762 268 345
172 316 1250 359 ihn bezeichnet; nämlich, als eine Länge mit zwei gleichen
164 363 593 426 nachfolgenden Kürzen:
263 539 1136 587 Wenn nun beide Formen des Daktylus, die erste
428 603 997 682 $$GRAPHIC, und diese $$GRAPHIC,
178 707 1234 754 nebeneinander bestehen sollen, so haben wir zuerst zu
182 756 1233 803 unterscheiden, dass die letztere nicht in dem Sinne Fuss
173 812 1228 867 zu nennen ist, wie die erste, die eben nur eine Gliederung
179 867 1225 922 des einzelnen Gliedes ist, während die andere offenbar,
181 915 1228 964 wie der Spondeus, ein Paar von Gliedern in sich fasst.
177 971 1227 1012 Jene erste Bildung wollen wir den trochäischen oder
170 1019 1234 1067 rhythmischen, die letztere den spondeïschen oder
169 1075 1235 1132 metrischen Daktylus nennen. Der rhythmische Daktylus
174 1131 1225 1172 bildet sich im Gliede, er steht für den Trochäen; der me¬
171 1179 1228 1228 trische Daktylus ist eine Form der Dipodie, er steht für den
177 1227 1233 1285 Spondeen. In einer Trochäenreihe würde er keinen Platz
166 1291 1072 1331 finden können, sowenig als musikalisch die Figur:
164 1451 1225 1492 im ³⁄₈ oder ⁶⁄₈ Tacte vorkommen kann, ohne die Natur der
174 1499 558 1548 Tactart zu verändern.
256 1556 1231 1595 Wiewohl nun beide Formen des Daktylus vorhanden
169 1616 1228 1660 sind, so weiss die metrisch übliche Bezeichnung doch nur
169 1660 1036 1707 von der einen, von dem gleichzeitigen Daktylus:
160 1855 1230 1899 und bringt diesen sowohl mit Spondeen, als mit Trochäen
161 1908 1223 1955 in Verbindung; mit letzteren kann aber nur der rhyth¬
160 1972 1065 2019 mische Daktylus, $$GRAPHIC, zusammengestellt werden,
