1444 2597
663 251 751 297 235
260 347 1229 388 Die letztere Form kann nach dem zweitheiligen oder
178 395 1231 444 viertheiligen Ausgange des ersten Gliedes leichter das
172 452 1229 498 zweite Glied wieder dreitheilig beginnen lassen, als die
169 508 1226 547 erste Form den zweitheiligen oder viertheiligen Anfang dem
180 556 1235 603 dreitheiligen Ende willig anschliessen wird. Das fünf- oder
173 605 1228 658 siebentheilige Glied ergibt sich eben an sich williger, wenn
173 668 1231 708 das Ungerade dem Geraden vorangeht. Jenes, das Drei¬
179 715 1232 764 theilige, enthält das Dissonanzmoment, welches in dem
177 771 1229 812 Geraden, in dem Zwei- oder Viertheiligen seine Auflös¬
173 827 1224 876 ung findet. Solche Bestimmung ist jedoch zu abstract,
180 875 1230 924 als dass jeder Fall der concreten Ausführung darin sollte
174 932 1231 987 aufgehen können. Eine metrisch-gesunde Natur werden
179 980 1227 1028 derartige Formationen, die nicht in einer stetig fortgehen¬
173 1035 1229 1081 den, nur in einer stetig gestörten, regelmässig unregel¬
179 1099 1229 1147 mässigen Evolution ihre Entstehung haben, nie offenbaren
175 1140 1225 1187 können und sich zu fortgesetzter Zeitmessung eines ganzen
180 1196 1233 1243 Tonstückes so wenig eignen, als die Harmonie eines sol¬
177 1252 1230 1291 chen in verminderten und übermässigen Dreiklängen fort¬
172 1315 1232 1355 zuführen sein würde. Die Versuche, zusammengesetzte
174 1355 1229 1404 Tactarten in der Musik anzuwenden, lassen in der Regel
176 1412 1233 1466 auch immer vielmehr die absonderliche Eigenwilligkeit
174 1460 1228 1506 eines Componisten, als eine metrisch-naturwüchsige Be¬
172 1523 1230 1563 schaffenheit der Composition empfinden; wie denn solche
179 1573 1230 1618 Metra in ihrer Fünf- oder Siebentheiligkeit sich andauernd
178 1620 1228 1666 auch nicht halten können, und bald in das zwei-, drei-
173 1675 1236 1723 oder viertheilige Maass wieder überzugehen pflegen, um
168 1733 1222 1779 in einer an sich verständlichen Bestimmung sich aufzulösen,
166 1780 1171 1827 in ihr zur Stetigkeit, zu ruhigem Fortgange zu kommen.
497 1900 911 1955 Combinirtes Metrum.
260 1995 1230 2043 24. Wie wenig nun eine solche äussere Aneinander¬
172 2050 1231 2092 setzung, d. h. die Addition verschiedener metrischer
160 2115 1230 2155 Formationen eine metrische Einheit bildet, so wird da¬
