1444 2597
709 228 799 273 288
223 315 1285 379 was einen Widerspruch gegen die Doppelzweizeitigkeit
216 378 1280 427 des Vierzeitigen entstehen lässt. Die Tactbestimmung für
216 427 1276 483 jene beiden Formationen kann darum nur, wie sie in der
225 483 1277 530 obigen Darstellung bezeichnet ist, nämlich so stattfinden,
219 531 1287 588 dass der Gliedaccent des vierten Momentes den Anfang
216 588 347 643 bildet:
305 804 1280 851 Es wird ein im doppel-zweizeitigen Metrum accentlos
219 858 1277 899 bestimmtes Glied, durch die Bedeutung, welche es im
220 915 1279 955 vierzeitigen annimmt, einfache, zweifache und dreifache
216 963 1272 1012 Betonung erhalten können; nicht aber kann ein auch nur
214 1027 1274 1068 einfach accentuirtes Glied des doppel-zweizeitigen Metrums
221 1068 1031 1115 zu einem accentlosen im vierzeitigen werden.
414 1180 1073 1228 Accente im combinirten Metrum.
300 1268 1280 1311 75. Die combinirten Metra, in denen jede der vor¬
218 1324 1271 1372 stehend verzeichneten Formationen mit ihren Accentbe¬
220 1379 1272 1419 stimmungen als Glied einer ihr gleichen oder von ihr ver¬
213 1429 1269 1483 schiedenen Formation höherer Ordnung aufzunehmen ist,
224 1491 1273 1539 werden, wie man leicht denken kann, sich in grösster
217 1539 1270 1578 Mannigfaltigkeit bilden können; die Betonung muss aber
224 1588 1261 1634 doch immer den hier schon erschöpften Bestimmungen un¬
213 1643 1270 1691 terworfen sein. Der höchste Accent wird auch in Bildungen
212 1693 1263 1734 von grösserem Umfange allezeit auf ein Moment fallen müs¬
213 1755 1275 1804 sen, das in allen Ordnungen ein betontes, ein positives
219 1803 1271 1848 ist; wie es schon im doppel-zweizeitigen Metrum zu sehen
219 1865 1273 1900 war, welches eben schon ein combinirtes ist und hier nur
213 1907 1265 1954 früher herangezogen wurde, theils um seiner Verwandt¬
209 1956 1274 2018 schaft mit dem dreizeitigen willen, theils um das Eigen¬
216 2011 1274 2060 thümliche und die Selbständigkeit des vierzeitigen an ihm
217 2068 452 2115 zu erläutern.
