1444 2597
716 227 801 275 256
234 320 1284 372 übung nicht widernatürlich wird erweisen können. Bei
223 379 1284 417 längerer Fortsetzung dieser metrischen Figur, wenn die¬
224 428 1285 483 selbe als Glied in eine Formation höherer Ordnung eintritt,
236 483 1288 532 vermag sie aber, als eine auf der zweiten Zeit des Tactes
228 540 1293 587 accentuirte, sich doch nicht unzweideutig zu erhalten: das
229 602 1282 635 accentuirte Glied wird sich bald als erstes im Tacte wollen
226 644 1282 685 vernehmen lassen; es wird selbst den Tactanfang bestim¬
227 700 955 755 men wollen: man wird bei der Betonung
217 892 1294 939 die zu vernehmen glauben, in welcher das erste Glied den
219 948 1201 988 Hauptaccent, das Auftactsglied den Nebenaccent trägt:
317 1141 1286 1187 54. Wir finden hier ein Analoges mit dem, was früher
223 1195 1289 1252 (I. 38) vom Molldreiklange, in Bezug auf die Bildung der
228 1252 1284 1292 Molltonart, gesagt worden ist: dass nämlich aus einer
229 1299 1291 1348 Reihe von Mollaccorden allein sich eine Molltonart nicht
224 1355 1278 1403 werde bestimmen können, wie in der Reihe verbundener
216 1405 1293 1457 Duraccorde die Durtonart sich bestimmt. In der Kette von
225 1461 506 1515 Molldreiklängen
216 1723 667 1763 wird immer das Positive
217 1972 1286 2019 hervortreten wollen, so lange es dem Negativen, das zur
215 2027 1273 2076 Hauptbestimmung werden soll, an seinem positiv Voraus¬
219 2076 886 2140 gesetzten fehlt. Da im Molldreiklange
