1444 2597
704 235 792 283 364
214 331 1279 379 Unter der Last unserer selbständigen musikalischen Formen
218 387 1273 427 wird die feinsinnige rhythmische Gliederung des antiken
222 436 1271 482 Metrums zerdrückt, und wenn die Musik in diese ein¬
221 498 1271 531 zugehen versuchen will, wird sie wieder sich selbst in
222 540 1276 595 ihrer eigensten Natur aufgeben müssen, denn unser Gesang
217 596 1278 644 ist weniger das betonte Wort, als der in musikalisch
215 659 1219 691 selbstgültige Formen in Musik gesetzte Inhalt der Worte.
304 700 1280 747 188. — Es ist gewiss nur halb scherzweis von einem
213 748 1273 791 Aesthetiker gesagt, dass die Poesie in der Musik kein an¬
218 804 1280 851 deres Recht zu haben scheine als das, ungestraft schlecht
223 861 1276 907 sein zu dürfen. — Poetisch nach Inhalt und Ausdruck wird
216 907 1275 963 sie immer sein müssen, wenn sie musikalische Darstellung
220 963 1265 1011 soll gewähren können. Mattheson hat sich anheischig ge¬
215 1027 1272 1059 macht, einen Thorzettel zu componiren. — Dem Inhalte
222 1068 1276 1115 eines Thor- oder Speisezettels würde aber der musikalische
213 1119 1275 1164 Ausdruck wenig genügen. Es könnte sich allenfalls die
216 1171 1262 1219 Freude an bekannten Namen im ersteren und an Leibge¬
217 1227 1282 1268 richten im letzteren musikalisch aussprechen lassen. Die
219 1276 1283 1323 Rede aber nach ihrem Wortausdrucke zu betonen, sie in
223 1331 1275 1380 ihren Einzelmomenten zu nüanciren, kann die Aufgabe der
223 1379 1278 1428 Musik sowenig sein, als sie ihrer Natur nach eben das
220 1436 1283 1483 Entgegengesetzte zu thun hat: sie hat in der Gefühlssprache
220 1492 1276 1529 verbunden auszudrücken, was die verständige Wort¬
218 1546 1280 1587 sprache nur getrennt auseinander und nacheinander setzen
218 1596 1271 1635 kann. Wo diese von Freud und Leid spricht, und geson¬
225 1642 1277 1700 dert erst das Eine, dann das Andere nennen muss, da wird
217 1701 1278 1746 die Musik das Leid in der Freude und die Freude im
221 1748 1269 1795 Leide ausdrücken können und ausdrücken sollen; nicht aber
226 1804 1271 1851 das eine Wort freudvoll, das andere leidvoll zu betonen haben.
308 1860 1281 1914 Der musikalische Ausdruck lässt hierin den sprach¬
225 1907 1275 1956 lich-poetischen weit hinter sich, und die Musik, wo sie
222 1964 1276 2019 nicht eben blos declamatorisch, blos wortbetonend ist,
224 2020 1276 2059 wird immer die Poesie sich unterordnen. Der Wort¬
225 2067 1273 2113 ausdruck hat an den musikalischen keinen anderen An¬
214 2122 1283 2165 spruch geltend zu machen, als den, dass er nicht verletzt
