1444 2597
719 227 801 267 274
312 315 1279 362 69. Das vierzeitige Metrum, wie es in ober¬
225 371 1282 419 ster Ordnung aus zwei ineinanderliegenden dreigliedri¬
227 428 1283 478 gen Theilen besteht, wird die Anzahl der Formationen
228 475 1285 523 des dreizeitigen Metrums doppelt enthalten; indem die
226 532 1284 579 Aufeinanderfolge dieser beiden dreigliedrigen Theile eine
230 588 1287 643 positive oder negative sein kann. Daraus entstehen acht
234 635 1275 683 verschiedene Bestimmungen für die Betonung des vierzei¬
231 692 491 747 tigen Metrums.
313 739 1288 787 70. Es kommen aber zu den Accentbestimmungen des
223 803 1284 851 dreizeitigen, ausser denen, die es den doppel-zweizei¬
233 852 1279 896 tigen entsprechend annimmt, noch diejenigen, welche aus
223 899 1286 946 der Combination entgegengesetzter Paare entstehen; die in
225 964 1285 1011 positiv-negativer oder negativ-positiver Folge der Paare
234 1012 1284 1052 in der niederen Ordnung, mit positivem oder negativem
226 1060 1276 1110 Paare der höheren verbunden, wieder vier andere Be¬
220 1125 1285 1179 stimmungen, wie sie früher aufgeführt sind, sich bilden
233 1172 353 1219 lassen.
317 1220 1276 1275 Diese werden sich nun auch in das vierzeitige Metrum,
233 1276 1282 1322 und zwar in doppelter Zahl, übertragen; indem sie in die¬
228 1338 1285 1379 sem sich wieder in positiver oder negativer Folge des drei¬
224 1388 1283 1427 zeitigen Gliedes werden setzen können, und es resultiren
230 1435 1289 1476 daraus acht neue Accentbestimmungen für das vierzeitige
224 1490 373 1532 Metrum
315 1539 1148 1587 Durch die Verbindung entgegengesetzter Paare:
232 1796 1281 1851 hebt sich aber die Doppelbestimmung des zweiten Gliedes,
230 1857 1292 1900 welche das vierzeitige vom doppel-zweizeitigen Metrum
226 1918 1282 1954 unterschieden hat, wieder auf, und diese zwei Forma¬
226 1956 1296 2004 tionen fallen ihren Accenten nach in die Bedeutung der
233 2011 1302 2060 doppel-zweizeitigen zurück, denn sie können eben nur als
229 2067 571 2123 solche erscheinen:
