1444 2597
688 172 787 212 186
286 579 1248 627 278. Es ist aber wahrzunehmen, dass die Uebergänge
198 628 1253 672 nach den Tonarten der Oberdominantseite sich allezeit we¬
201 683 1246 731 niger willig ergeben, als jene nach der Unterdominantseite;
202 732 1257 778 wie wir dies auch schon bei den nächsten Ausweichungen
204 780 1048 828 in die anliegenden Dominanttonarten bemerken.
283 835 1262 883 Die Tonarten können zuerst betrachtet werden als
202 884 1248 931 Glieder einer Kette, in der unendlichen Dreiklangsfortbild¬
203 939 1249 987 ung, und dann in dem für sich Bestehen einer jeden ein¬
201 989 1258 1035 zelnen. Dort ist jede Tonart verbindendes Mittelglied für
198 1049 1259 1099 zwei andere ihr nach den beiden Seiten anliegende; hier
205 1091 1255 1139 ist sie nicht in Anderes, somit in nicht-Anderes d. i.
200 1148 1257 1195 in sich selbst übergehend. Wir haben dieses Uebergehen
200 1203 1248 1258 in sich selbst, ausgesprochen gefunden in den Accorden,
201 1259 1259 1293 welche die Grenzen des einzelnen Tonartsystemes ver¬
203 1308 1257 1346 bunden enthalten. Die abgeschlossene Tonart hat ihren
197 1356 1262 1402 Schwerpunct in ihrer Mitte. In der Tonartverkettung ruhet
208 1412 1257 1458 jede Tonart auf der ihr vorausgegangenen. Diese ist aber die
204 1460 1259 1507 Unterdominanttonart: denn die positive Production hat
204 1516 1253 1556 als eine Kraftwirkung ihre Richtung nach der Oberdomi¬
203 1573 1265 1619 nantseite, nach der Höhe. Sie erhebt ein Secundäres, die
210 1619 1258 1675 Quint, zu einem Primären, zum Grundtone; sie setzt
205 1671 1244 1715 nicht das Primäre zum Secundären herab. Die Oberdomi¬
201 1724 1241 1766 nanttonart ist eine aus der tonischen erst zu producirende;
205 1773 1258 1819 es erfordert eine productive Thätigkeit, bedarf einer An¬
204 1828 1256 1875 spannung sie aus der tonischen hervorgehen zu lassen.
201 1883 1252 1923 Die Unterdominanttonart dagegen ist eine der tonischen vor¬
207 1932 1252 1980 ausgegangene, zu welcher, als einem schon Vorhandenge¬
202 1987 1259 2025 wesenen, Bestimmten, die Modulation leicht zurückführen
