1444 2597
686 203 775 244 168
198 291 1260 339 dieser verschiedenen chromatischen Stufen bestätigen
204 354 1253 395 wird, leichter zu intoniren sind, als jene im Verhältnisse
197 396 1246 441 128:135 stehenden, in welchen nur das Leittonsverhält¬
200 451 1241 497 niss zu dem folgenden Tone, nicht aber eine Bestimm¬
194 515 1261 555 ung des chromatischen in Bezug auf den Ausgangston vor¬
190 556 396 603 handen ist.
283 603 1254 667 250. Durch die verschiedenartige und stets wech¬
202 670 1264 708 selnde Bedeutung, welche die bestimmenden Töne in der
199 715 1254 765 chromatischen Fortschreitung anzunehmen haben, wird
196 764 1259 812 diese eine complicirtere und für die freie Intonation schwe¬
193 826 1261 867 rere als die diatonische Fortschreitung, in welcher die
195 875 1256 930 Stufenfolge, wie früher gezeigt worden, sich an den Mo¬
189 936 1254 979 menten des tonischen Dreiklanges bestimmt, ohne einen
204 980 1249 1035 Wechsel der Bedeutung für eine und dieselbe Stufe nöthig
196 1036 1257 1080 werden zu lassen, wenn wir den Schritt von der sechsten
190 1093 1260 1131 zu der siebenten Stufe ausnehmen, bei welchem die sechste
199 1140 1249 1194 zuerst in der Terzbedeutung der Unterdominant erscheint,
200 1188 1259 1236 dann in die Grundtonsbedeutung des Molldreiklanges der
191 1243 1253 1298 Unterterz übergeht. In der chromatischen Leiter aber wird,
200 1300 1253 1346 ausser diesem Wechsel der Intervallbedeutung, auf jedem
193 1354 1249 1401 der bestimmenden Töne auch ein Tonartwechsel eintreten;
196 1403 1250 1449 und indem hier nie drei aufeinanderfolgende Stufen inner¬
190 1460 1253 1506 halb derselben Tonart enthalten sind, wird die innere
197 1508 1253 1555 Construction der ganzen Folge eine so gedrängt zusam¬
197 1564 1247 1619 mengesetzte, dass wir uns nicht verwundern dürfen,
194 1620 1247 1661 wenn eine vollkommen reine Intonation chromatischer
197 1667 1251 1715 Fortschreitungen dem harmonisch nicht durchgebildeten
194 1724 1249 1770 Sänger, der sich im Diatonischen noch mit Sicherheit be¬
197 1787 1258 1835 wegen kann, in vielen Fällen nicht gelingt, so dass oft das
194 1828 1257 1875 äusserlich Nächste, weil es an einer inneren bewussten
190 1888 1257 1931 oder sicher gefühlten Bestimmung dafür fehlt, von ihm nicht
184 1931 960 1995 mit Sicherheit ergriffen zu werden vermag.
272 1987 1259 2035 251. Die chromatische Tonleiter, die in erhöheten
191 2043 1256 2098 Tönen sowohl, wie die in vertieften fortschreitende, enthält
