1444 2597
641 234 725 282 255
237 1707 1215 1755 53. Die dritte dieser Accentbestimmungen des drei¬
165 1764 1219 1811 zeitigen Metrums (B. a.) erhält wie die zweite (A. b.) den
158 1820 1218 1867 Hauptaccent auf dem mittleren Gliede; sie hat aber den
159 1867 1218 1915 Gliedaccent des accentlosen Paares zum Anfang und kann
156 1924 1213 1971 daher nicht wie die zweite mit dem Auftacte beginnen.
150 1980 1220 2026 Hier wird der erste Tacttheil den Nebenaccent, der zweite
153 2028 1223 2075 den Hauptaccent erhalten. Es ist dies eine Betonung, die
152 2084 1213 2135 metrisch gesetzlich herbeigeführt, sich auch in der Aus¬
