1444 2597
633 242 719 283 381
138 331 1187 377 worden und wie sie ihre Besonderheit vor denen des un¬
138 387 1197 430 verwendeten Systemes an sich enthalten: nur das Bezeich¬
138 444 1197 483 nende wollen wir hier hervorheben, dass in den Septimen¬
137 499 1188 539 accorden des verwendeten Systemes es Momente gleicher
139 547 1188 595 harmonischer Bedeutung sind, welche zusammenklingend
132 604 1198 643 die Dissonanz bilden, wenn in den Septimenaccorden des
138 653 1188 699 unverwendeten Systemes allezeit die Quint eines Dreiklan¬
141 707 996 763 ges gegen den Grundton eines anderen dissonirt.
215 756 699 803 In den Septimenaccorden:
136 1209 1195 1259 sind es, im ersten, die beiden Dominantgrundtöne F und
141 1267 1196 1315 G, im zweiten, die beiden Dominantterzen a und h, im
143 1315 1201 1363 dritten, die beiden Dominantquinten C und D, welche
127 1371 977 1416 Dissonanz-bildend einander gegenüber stehen.
216 1420 613 1476 Die Septimenaccorde:
134 1988 1198 2035 dagegen, haben durchgängig die Dissonanzbedeutung, dass
137 2028 1191 2075 die Quint des oberen Dreiklanges mit dem Grundtone des
135 2089 1194 2138 unteren im Widerspruche steht, oder vielmehr, dass ihr
