1444 2597
673 235 748 275 265
172 336 1232 379 als Anfang setzt, was positiv nicht Anfang ist, was für
180 379 1237 427 die positive Gegenwart ein Relatives ist, und das Positive
170 437 1233 476 selbst relativ setzt; das ist ihr Negatives, ihr Wesen als
174 483 378 539 Mollbegriff.
270 539 1235 585 Im harmonischen Mollbegriffe, der ebendenselben In¬
172 595 1229 635 halt hat, kann das Negative sich nicht am einzelnen
179 643 1239 691 Intervalle an sich aussprechen, denn dieses ist real sich
178 705 1221 755 gleich im positiven wie im negativen Sinne: erst dadurch,
174 755 1231 803 dass die Terz im Quintintervalle sich nicht dem Grundtone,
182 817 1187 859 sondern der Quint anschliesst — negativ von ihr ausgeht —
177 860 1235 907 wird auch der Grundton als negative Quint zu der Quint als
180 916 765 971 negativem Grundtone erscheinen.
266 964 1229 1011 Ebenso werden die zwei Schläge, welche wir am
171 1020 1225 1064 Anfange zu Bezeichnung einer ersten metrischen Bestim¬
170 1067 1236 1115 mung angenommen haben, wenn sie von gleicher Stärke
177 1125 1230 1171 sind, wenn nicht der eine gegen den anderen als accentuir¬
173 1181 1229 1235 ter hervortritt, es unentschieden lassen, ob ihr gegen¬
172 1235 1238 1275 seitiges Verhältniss ein metrisch-positives oder negatives
174 1292 1237 1340 sein solle. Denn wir können in die Aufeinanderfolge zweier
178 1339 1228 1395 gleich starken Schläge uns ebensowohl die eine Bedeutung:
179 1467 456 1515 wie die andere:
166 1600 1239 1641 denken; erst der Accent kann den einen oder anderen zu
169 1644 1197 1692 metrisch erster, positiver Geltung entschieden festsetzen.
268 1700 964 1748 60. Nun ist die metrische Bestimmung:
172 1934 1241 1971 eine durchaus natürliche und folgeverständliche: sie setzt
166 1980 1232 2026 das Heut als Mitte, auf welches ein Gestern und ein
169 2028 1234 2075 Morgen sich bezieht; und ist, wie schon gesagt, in jeder
170 2084 930 2139 Beziehung der harmonischen Bestimmung:
