<?xml version="1.0" encoding="UTF-8" standalone="yes"?>
<PcGts xmlns="http://schema.primaresearch.org/PAGE/gts/pagecontent/2013-07-15" xmlns:xsi="http://www.w3.org/2001/XMLSchema-instance" xsi:schemaLocation="http://schema.primaresearch.org/PAGE/gts/pagecontent/2013-07-15 http://schema.primaresearch.org/PAGE/gts/pagecontent/2013-07-15/pagecontent.xsd">
    <Metadata>
        <Creator>prov=University of Rostock/Institute of Mathematics/CITlab|PLANET AI GmbH/Gundram Leifert/gundram.leifert@planet-ai.de:name=ONB_Newseye_GT_M1+(htr_id=10810)::::v=2.6.7
prov=University of Rostock/Institute of Mathematics/CITlab|PLANET AI GmbH/Tobias Gruening/tobias.gruening@planet-ai.de:name=de.uros.citlab.module.baseline2polygon.B2PSeamMultiOriented:v=2.6.7
prov=University of Rostock/Institute of Mathematics/CITlab|PLANET AI GmbH/Tobias Gruening/tobias.gruening@planet-ai.de:name=/net_tf/LA73_249_0mod360.pb:de.uros.citlab.segmentation.CITlab_LA_ML:v=2.6.6
Transkribus</Creator>
        <Created>2021-02-02T15:22:39.291+01:00</Created>
        <LastChange>2021-03-20T15:47:01.218+01:00</LastChange>
        <TranskribusMetadata docId="764523" pageId="28719191" pageNr="267" tsid="63342115" status="NEW" userId="74363" imgUrl="https://files.transkribus.eu/Get?id=EZURQLWTVXQONFKDYIHJGDLL&amp;fileType=view" xmlUrl="https://files.transkribus.eu/Get?id=FQGWNQDHRMMYSJYMJEKYMNAE" imageId="22439696"/>
    </Metadata>
    <Page imageFilename="Hauptmann1853-0276.jpg" imageWidth="1444" imageHeight="2597" type="content">
        <ReadingOrder>
            <OrderedGroup id="ro_1630597187509" caption="Regions reading order">
                <RegionRefIndexed index="0" regionRef="TextRegion_1612724831879_1513"/>
                <RegionRefIndexed index="2" regionRef="TextRegion_1612724829108_1508"/>
                <RegionRefIndexed index="3" regionRef="TextRegion_1612724824588_1504"/>
                <RegionRefIndexed index="5" regionRef="TextRegion_1612724815356_1496"/>
                <RegionRefIndexed index="7" regionRef="TextRegion_1612724805909_1488"/>
            </OrderedGroup>
        </ReadingOrder>
        <TextRegion orientation="0.0" type="page-number" id="TextRegion_1612724831879_1513" custom="readingOrder {index:0;} structure {type:page-number;}">
            <Coords points="155,238 1218,238 1218,297 155,297"/>
            <TextLine id="r1l1" custom="readingOrder {index:0;}">
                <Coords points="648,275 717,275 730,262 737,262 737,225 663,229 657,235 649,235"/>
                <Baseline points="655,266 680,265 705,266 731,266"/>
                <TextEquiv>
                    <Unicode>257</Unicode>
                </TextEquiv>
            </TextLine>
            <TextEquiv>
                <Unicode>257</Unicode>
            </TextEquiv>
        </TextRegion>
        <GraphicRegion id="Graphic_1612724844081_1517" custom="readingOrder {index:1;} structure {type:floating;}">
            <Coords points="155,297 1218,297 1218,431 155,431"/>
        </GraphicRegion>
        <TextRegion orientation="0.0" type="paragraph" id="TextRegion_1612724829108_1508" custom="readingOrder {index:2;} structure {type:paragraph;}">
            <Coords points="155,431 1218,431 1218,909 155,909"/>
            <TextLine id="line_1612724935355_1553" custom="readingOrder {index:0;} textStyle {offset:18; length:3;italic:true; fontSize:0.0; kerning:0;} textStyle {offset:46; length:3;italic:true; fontSize:0.0; kerning:0;}">
                <Coords points="164,483 1216,491 1196,436 164,435"/>
                <Baseline points="170,468 195,468 221,468 247,467 273,467 299,467 325,467 351,468 377,468 402,468 428,468 454,468 480,468 506,468 532,468 558,467 584,467 594,469 624,469 655,469 686,469 717,469 747,469 778,469 809,469 840,469 870,469 901,469 932,469 963,469 993,469 1024,469 1055,469 1086,469 1116,469 1147,470 1178,470 1209,470"/>
                <TextEquiv>
                    <Unicode>die negative Terz c-E eben auch positive Terz C-e ist,</Unicode>
                </TextEquiv>
            </TextLine>
            <TextLine id="r1l6" custom="readingOrder {index:1;} textStyle {offset:8; length:1;italic:true; fontSize:0.0; kerning:0;} textStyle {offset:34; length:1;italic:true; fontSize:0.0; kerning:0;}">
                <Coords points="157,531 1225,533 1225,497 1181,484 157,494"/>
                <Baseline points="164,521 216,521 269,521 322,521 374,522 427,522 480,522 532,522 585,522 638,523 691,523 743,523 796,523 849,524 901,524 954,524 1007,524 1059,524 1112,523 1165,523 1218,522"/>
                <TextEquiv>
                    <Unicode>der Ton c seine positive Quint in g findet und ebenso jeder</Unicode>
                </TextEquiv>
            </TextLine>
            <TextLine id="r1l7" custom="readingOrder {index:2;}">
                <Coords points="157,586 1224,586 1208,539 1137,563 157,541"/>
                <Baseline points="164,574 216,574 269,575 321,575 374,575 427,576 479,576 532,576 585,576 637,576 690,577 743,577 795,577 848,577 901,577 953,577 1006,577 1059,576 1111,576 1164,576 1217,575"/>
                <TextEquiv>
                    <Unicode>Terzton der Mollreihe seine positiven Bestimmungen sich</Unicode>
                </TextEquiv>
            </TextLine>
            <TextLine id="r1l8" custom="readingOrder {index:3;}">
                <Coords points="159,635 1215,635 1175,595 711,621 159,596"/>
                <Baseline points="166,627 218,627 270,628 322,628 374,629 426,629 478,630 531,630 583,630 635,630 687,630 739,630 791,630 843,630 896,630 948,630 1000,630 1052,629 1104,629 1156,628 1209,628"/>
                <TextEquiv>
                    <Unicode>in derselben aneignen kann, so wird eben das Positive</Unicode>
                </TextEquiv>
            </TextLine>
            <TextLine id="r1l9" custom="readingOrder {index:4;}">
                <Coords points="162,691 1221,691 1184,644 162,649"/>
                <Baseline points="169,680 221,680 273,681 325,682 378,682 430,683 482,683 534,683 587,684 639,684 691,684 743,684 796,684 848,684 900,684 952,684 1005,684 1057,683 1109,683 1161,683 1214,682"/>
                <TextEquiv>
                    <Unicode>überhaupt sich in der Reihe geltend machen und die Reihe</Unicode>
                </TextEquiv>
            </TextLine>
            <TextLine id="r1l10" custom="readingOrder {index:5;}">
                <Coords points="163,747 1212,740 1187,699 163,709"/>
                <Baseline points="169,735 220,735 272,736 324,736 376,736 428,736 480,736 531,737 583,737 635,737 687,737 739,737 791,737 843,737 894,737 946,737 998,736 1050,736 1102,735 1154,734 1206,734"/>
                <TextEquiv>
                    <Unicode>selbst als eine positive erscheinen lassen. Der E-Durdrei¬</Unicode>
                </TextEquiv>
            </TextLine>
            <TextLine id="r1l11" custom="readingOrder {index:6;}">
                <Coords points="163,794 1219,803 1219,764 1169,756 163,755"/>
                <Baseline points="170,786 222,787 274,788 326,788 378,789 430,789 482,790 534,790 586,790 638,791 691,791 743,791 795,791 847,791 899,790 951,790 1003,790 1055,790 1107,790 1159,789 1212,789"/>
                <TextEquiv>
                    <Unicode>klang erst wird den A-Molldreiklang zu einem tonischen</Unicode>
                </TextEquiv>
            </TextLine>
            <TextLine id="r1l12" custom="readingOrder {index:7;}">
                <Coords points="155,852 1223,858 1223,820 1153,804 155,804"/>
                <Baseline points="161,840 213,841 266,842 319,842 372,843 424,843 477,843 530,843 583,844 635,844 688,844 741,844 794,844 846,843 899,843 952,843 1005,844 1057,844 1110,844 1163,844 1216,845"/>
                <TextEquiv>
                    <Unicode>Hauptmomente, der H-Durdreiklang den E-Molldreiklang</Unicode>
                </TextEquiv>
            </TextLine>
            <TextLine id="r1l13" custom="readingOrder {index:8;}">
                <Coords points="158,914 821,907 800,868 727,876 694,859 645,874 158,867"/>
                <Baseline points="165,896 197,896 229,895 262,895 294,895 327,895 359,895 392,896 424,896 457,896 489,896 521,896 554,897 586,897 619,897 651,897 684,897 716,898 749,898 781,898 814,897"/>
                <TextEquiv>
                    <Unicode>zu einem solchen bestimmen können.</Unicode>
                </TextEquiv>
            </TextLine>
            <TextEquiv>
                <Unicode>die negative Terz c-E eben auch positive Terz C-e ist,&#13;
der Ton c seine positive Quint in g findet und ebenso jeder&#13;
Terzton der Mollreihe seine positiven Bestimmungen sich&#13;
in derselben aneignen kann, so wird eben das Positive&#13;
überhaupt sich in der Reihe geltend machen und die Reihe&#13;
selbst als eine positive erscheinen lassen. Der E-Durdrei¬&#13;
klang erst wird den A-Molldreiklang zu einem tonischen&#13;
Hauptmomente, der H-Durdreiklang den E-Molldreiklang&#13;
zu einem solchen bestimmen können.</Unicode>
            </TextEquiv>
        </TextRegion>
        <TextRegion orientation="0.0" id="TextRegion_1612724824588_1504" custom="readingOrder {index:3;} structure {type:paragraph-continued;}">
            <Coords points="155,909 1218,909 1218,969 155,969"/>
            <TextLine id="r1l14" custom="readingOrder {index:0;}">
                <Coords points="237,959 656,955 723,971 842,954 842,923 752,916 601,915 585,931 556,908 488,931 238,917"/>
                <Baseline points="244,949 273,949 303,949 332,949 362,949 392,949 421,949 451,950 480,950 510,950 540,950 569,950 599,951 628,951 658,951 688,951 717,951 747,950 776,950 806,950 836,949"/>
                <TextEquiv>
                    <Unicode>So wird eben auch der Rhythmus</Unicode>
                </TextEquiv>
            </TextLine>
            <TextEquiv>
                <Unicode>So wird eben auch der Rhythmus</Unicode>
            </TextEquiv>
        </TextRegion>
        <GraphicRegion id="Graphic_1612724855701_1524" custom="readingOrder {index:4;} structure {type:floating;}">
            <Coords points="155,969 1218,969 1218,1068 155,1068"/>
        </GraphicRegion>
        <TextRegion orientation="0.0" id="TextRegion_1612724815356_1496" custom="readingOrder {index:5;} structure {type:paragraph-continued;}">
            <Coords points="155,1068 1218,1068 1218,1176 155,1176"/>
            <TextLine id="r1l16" custom="readingOrder {index:0;}">
                <Coords points="162,1109 1110,1124 1219,1099 1190,1068 162,1074"/>
                <Baseline points="168,1101 220,1101 272,1102 324,1102 376,1103 429,1103 481,1103 533,1103 585,1103 637,1104 690,1103 742,1103 794,1103 846,1103 898,1103 951,1102 1003,1102 1055,1102 1107,1101 1159,1101 1212,1100"/>
                <TextEquiv>
                    <Unicode>erst in Verbindung mit einem der anderen Rhythmen, wel¬</Unicode>
                </TextEquiv>
            </TextLine>
            <TextLine id="r1l17" custom="readingOrder {index:1;}">
                <Coords points="156,1163 494,1179 736,1161 736,1134 628,1123 298,1134 241,1115 224,1132 157,1131"/>
                <Baseline points="163,1152 191,1153 219,1153 248,1154 276,1154 304,1155 333,1155 361,1156 389,1156 418,1156 446,1157 474,1157 503,1157 531,1157 559,1157 588,1158 616,1157 644,1157 673,1157 701,1157 730,1157"/>
                <TextEquiv>
                    <Unicode>che das erste Tactglied betonen:</Unicode>
                </TextEquiv>
            </TextLine>
            <TextEquiv>
                <Unicode>erst in Verbindung mit einem der anderen Rhythmen, wel¬
che das erste Tactglied betonen:</Unicode>
            </TextEquiv>
        </TextRegion>
        <GraphicRegion id="Graphic_1612724866366_1531" custom="readingOrder {index:6;} structure {type:floating;}">
            <Coords points="155,1176 1218,1176 1218,1286 155,1286"/>
        </GraphicRegion>
        <TextRegion orientation="0.0" type="paragraph" id="TextRegion_1612724805909_1488" custom="readingOrder {index:7;} structure {type:paragraph;}">
            <Coords points="155,1286 1218,1286 1218,2138 155,2138"/>
            <TextLine id="r1l20" custom="readingOrder {index:0;}">
                <Coords points="151,1321 1212,1331 1212,1289 151,1290"/>
                <Baseline points="158,1315 210,1316 262,1316 315,1316 367,1317 420,1317 472,1317 524,1318 577,1318 629,1318 682,1318 734,1319 786,1319 839,1319 891,1319 944,1319 996,1319 1048,1319 1101,1319 1153,1319 1206,1319"/>
                <TextEquiv>
                    <Unicode>seine metrische Bedeutung in längerer Folge durchzusetzen</Unicode>
                </TextEquiv>
            </TextLine>
            <TextLine id="r1l21" custom="readingOrder {index:1;}">
                <Coords points="160,1380 1166,1395 1206,1371 1152,1339 161,1346"/>
                <Baseline points="167,1367 218,1367 270,1368 321,1369 373,1370 425,1370 476,1371 528,1371 579,1372 631,1372 683,1372 734,1372 786,1373 837,1373 889,1373 941,1372 992,1372 1044,1372 1095,1372 1147,1371 1199,1371"/>
                <TextEquiv>
                    <Unicode>vermögen. Es ist hier eben nur von einer länger fortge¬</Unicode>
                </TextEquiv>
            </TextLine>
            <TextLine id="r1l22" custom="readingOrder {index:2;}">
                <Coords points="156,1435 1211,1435 1191,1387 1149,1415 1096,1387 663,1388 579,1416 526,1388 485,1415 156,1397"/>
                <Baseline points="163,1423 215,1423 267,1423 319,1423 371,1424 423,1424 475,1424 527,1425 579,1425 631,1425 683,1425 735,1426 787,1426 839,1426 891,1426 943,1426 995,1426 1047,1426 1099,1426 1151,1426 1204,1425"/>
                <TextEquiv>
                    <Unicode>setzten Betonung des zweiten Momentes die Rede. So</Unicode>
                </TextEquiv>
            </TextLine>
            <TextLine id="r1l23" custom="readingOrder {index:3;} textStyle {offset:40; length:5;italic:true; fontSize:0.0; kerning:0;}">
                <Coords points="152,1474 249,1499 1211,1482 1111,1444 152,1452"/>
                <Baseline points="159,1475 211,1475 263,1476 315,1477 368,1477 420,1478 472,1478 525,1479 577,1479 629,1479 682,1480 734,1480 786,1480 838,1480 891,1480 943,1480 995,1479 1048,1479 1100,1479 1152,1478 1205,1477"/>
                <TextEquiv>
                    <Unicode>wenig der einzelne Molldreiklang, z. B. a-C-e, die anliegen¬</Unicode>
                </TextEquiv>
            </TextLine>
            <TextLine id="r1l24" custom="readingOrder {index:4;} textStyle {offset:18; length:5;italic:true; fontSize:0.0; kerning:0;} textStyle {offset:28; length:5;italic:true; fontSize:0.0; kerning:0;}">
                <Coords points="154,1538 1211,1539 1199,1499 995,1523 154,1501"/>
                <Baseline points="161,1530 213,1530 265,1530 317,1530 369,1530 421,1530 473,1531 526,1531 578,1531 630,1531 682,1532 734,1532 786,1532 838,1532 891,1532 943,1532 995,1532 1047,1532 1099,1532 1151,1531 1204,1531"/>
                <TextEquiv>
                    <Unicode>den Durdreiklänge F-a-C und C-e-G anregen, oder durch</Unicode>
                </TextEquiv>
            </TextLine>
            <TextLine id="r1l25" custom="readingOrder {index:5;}">
                <Coords points="154,1595 1208,1604 1191,1548 976,1574 926,1550 154,1555"/>
                <Baseline points="160,1581 212,1582 264,1583 316,1583 368,1584 420,1584 472,1584 524,1585 576,1585 628,1585 681,1585 733,1585 785,1585 837,1585 889,1585 941,1585 993,1585 1045,1585 1097,1585 1149,1586 1202,1586"/>
                <TextEquiv>
                    <Unicode>diese seine Selbständigkeit verlieren würde, ebensowenig</Unicode>
                </TextEquiv>
            </TextLine>
            <TextLine id="r1l26" custom="readingOrder {index:6;}">
                <Coords points="158,1643 1214,1652 1214,1611 1159,1604 158,1611"/>
                <Baseline points="165,1632 217,1634 269,1635 321,1636 373,1637 425,1638 477,1638 530,1638 582,1639 634,1639 686,1638 738,1638 790,1638 842,1638 895,1638 947,1638 999,1638 1051,1638 1103,1638 1155,1639 1208,1639"/>
                <TextEquiv>
                    <Unicode>wird auch die einzelne auf dem zweiten Gliede mit dem</Unicode>
                </TextEquiv>
            </TextLine>
            <TextLine id="r1l27" custom="readingOrder {index:7;}">
                <Coords points="150,1697 1218,1710 1218,1666 150,1652"/>
                <Baseline points="157,1688 209,1689 262,1689 315,1690 368,1690 420,1691 473,1691 526,1691 579,1691 631,1691 684,1691 737,1691 790,1691 842,1691 895,1691 948,1691 1001,1691 1053,1691 1106,1692 1159,1692 1212,1693"/>
                <TextEquiv>
                    <Unicode>Hauptaccente betonte metrische Einheit die Bestimmung</Unicode>
                </TextEquiv>
            </TextLine>
            <TextLine id="r1l28" custom="readingOrder {index:8;}">
                <Coords points="156,1755 1216,1755 1216,1724 1124,1708 1055,1732 1030,1708 156,1714"/>
                <Baseline points="162,1740 214,1741 266,1742 319,1743 371,1743 424,1744 476,1744 528,1744 581,1745 633,1745 686,1745 738,1745 790,1745 843,1745 895,1745 948,1745 1000,1745 1052,1745 1105,1745 1157,1745 1210,1746"/>
                <TextEquiv>
                    <Unicode>des Auftactes sogleich hervorrufen; sie wird auch in</Unicode>
                </TextEquiv>
            </TextLine>
            <TextLine id="r1l29" custom="readingOrder {index:9;}">
                <Coords points="160,1802 1205,1803 1137,1763 1102,1787 1039,1763 160,1773"/>
                <Baseline points="166,1794 217,1794 269,1795 320,1795 372,1796 424,1796 475,1797 527,1797 578,1797 630,1798 682,1798 733,1798 785,1798 836,1798 888,1798 940,1798 991,1797 1043,1797 1094,1797 1146,1796 1198,1795"/>
                <TextEquiv>
                    <Unicode>mehreren Wiederholungen unzweideutig bestehen kön¬</Unicode>
                </TextEquiv>
            </TextLine>
            <TextLine id="r1l30" custom="readingOrder {index:10;}">
                <Coords points="159,1859 1212,1858 1212,1827 1158,1819 159,1821"/>
                <Baseline points="166,1847 218,1848 270,1849 322,1849 374,1850 426,1850 478,1850 530,1851 582,1851 634,1851 686,1851 738,1851 790,1851 842,1851 894,1851 946,1851 998,1851 1050,1851 1102,1851 1154,1851 1206,1851"/>
                <TextEquiv>
                    <Unicode>nen, nur lässt sie sich eben nicht so ununterbrochen</Unicode>
                </TextEquiv>
            </TextLine>
            <TextLine id="r1l31" custom="readingOrder {index:11;}">
                <Coords points="149,1905 959,1924 1212,1914 1213,1877 149,1871"/>
                <Baseline points="155,1901 207,1901 260,1902 312,1902 365,1903 417,1903 470,1903 522,1904 575,1904 627,1905 680,1905 733,1905 785,1905 838,1905 890,1905 943,1905 995,1905 1048,1905 1100,1904 1153,1904 1206,1903"/>
                <TextEquiv>
                    <Unicode>fortführen, wie jene auf dem ersten Tactgliede betonten</Unicode>
                </TextEquiv>
            </TextLine>
            <TextLine id="r1l32" custom="readingOrder {index:12;}">
                <Coords points="150,1962 1213,1971 1213,1930 1151,1925 150,1925"/>
                <Baseline points="157,1953 209,1954 261,1955 314,1956 366,1957 419,1957 471,1958 524,1958 576,1958 629,1958 681,1958 733,1958 786,1958 838,1958 891,1958 943,1958 996,1958 1048,1957 1101,1957 1153,1957 1206,1957"/>
                <TextEquiv>
                    <Unicode>Rhythmen. Die Betonung der zweiten Zeit im dreizeitigen</Unicode>
                </TextEquiv>
            </TextLine>
            <TextLine id="r1l33" custom="readingOrder {index:13;} textStyle {offset:49; length:3;italic:true; fontSize:0.0; kerning:0;}">
                <Coords points="154,2019 1200,2017 1167,1979 417,1999 155,1973"/>
                <Baseline points="161,2006 212,2007 264,2008 315,2009 367,2010 419,2010 470,2011 522,2011 573,2011 625,2012 677,2012 728,2012 780,2012 831,2012 883,2012 935,2012 986,2012 1038,2012 1089,2012 1141,2012 1193,2012"/>
                <TextEquiv>
                    <Unicode>Metrum ist in manchen Tanzrhythmen, z. B. in der Ma¬</Unicode>
                </TextEquiv>
            </TextLine>
            <TextLine id="r1l34" custom="readingOrder {index:14;} textStyle {offset:0; length:5;italic:true; fontSize:0.0; kerning:0;}">
                <Coords points="148,2068 1212,2075 1181,2027 148,2037"/>
                <Baseline points="155,2060 207,2061 260,2062 312,2062 365,2063 417,2063 470,2064 522,2064 575,2064 627,2065 680,2065 733,2065 785,2065 838,2065 890,2065 943,2065 995,2065 1048,2064 1100,2064 1153,2064 1206,2063"/>
                <TextEquiv>
                    <Unicode>zurka, characteristisch, sie setzt sich aber auch hier nicht</Unicode>
                </TextEquiv>
            </TextLine>
            <TextLine id="r1l35" custom="readingOrder {index:15;}">
                <Coords points="157,2123 1189,2130 1127,2084 157,2090"/>
                <Baseline points="163,2114 214,2115 265,2115 316,2116 367,2116 418,2117 469,2117 520,2117 571,2118 622,2118 673,2118 724,2118 775,2118 826,2118 877,2118 928,2118 979,2118 1030,2118 1081,2118 1132,2118 1183,2118"/>
                <TextEquiv>
                    <Unicode>stetig fort, sondern wechselt mit anderen Betonungsarten.</Unicode>
                </TextEquiv>
            </TextLine>
            <TextEquiv>
                <Unicode>seine metrische Bedeutung in längerer Folge durchzusetzen&#13;
vermögen. Es ist hier eben nur von einer länger fortge¬&#13;
setzten Betonung des zweiten Momentes die Rede. So&#13;
wenig der einzelne Molldreiklang, z. B. a-C-e, die anliegen¬&#13;
den Durdreiklänge F-a-C und C-e-G anregen, oder durch&#13;
diese seine Selbständigkeit verlieren würde, ebensowenig&#13;
wird auch die einzelne auf dem zweiten Gliede mit dem&#13;
Hauptaccente betonte metrische Einheit die Bestimmung&#13;
des Auftactes sogleich hervorrufen; sie wird auch in&#13;
mehreren Wiederholungen unzweideutig bestehen kön¬&#13;
nen, nur lässt sie sich eben nicht so ununterbrochen&#13;
fortführen, wie jene auf dem ersten Tactgliede betonten&#13;
Rhythmen. Die Betonung der zweiten Zeit im dreizeitigen&#13;
Metrum ist in manchen Tanzrhythmen, z. B. in der Ma¬&#13;
zurka, characteristisch, sie setzt sich aber auch hier nicht&#13;
stetig fort, sondern wechselt mit anderen Betonungsarten.</Unicode>
            </TextEquiv>
        </TextRegion>
    </Page>
</PcGts>
