1444 2597
714 219 787 259 98
299 427 1275 474 Die Auflösung des Septimenaccordes haben wir aber
220 476 1286 524 in zwei wesentlich verschiedenen Arten kennen lernen. Die
213 538 1276 575 erste ist, dass für das innere Intervall des Accordes ein
213 595 1278 627 die beiden dissonirenden Töne in sich vermittelnder Ton
222 635 1281 683 eintrete, an welchem sodann die Auflösung wie im Vorhalts¬
213 691 626 747 accorde erfolgen kann:
296 971 1284 1019 Die zweite ist, dass im Inhalte des Septimenaccordes
213 1028 1281 1076 selbst die Vermittlung der Dissonanz gefunden werde, und
218 1076 1281 1124 zwar, a, in dem einen (α) oder dem anderen (β) der beiden
220 1132 501 1179 mittleren Töne:
211 1436 1287 1483 Bei α kommt der Accord wieder in die Vorhaltsbedeutung;
217 1484 623 1539 die Auflösung ist hier:
213 1716 635 1787 die Auflösung bei β ist:
302 1955 1277 1995 Wenn, b, die Auflösung an beiden mittleren Tönen zu¬
221 2011 1274 2059 gleich, als Intervall genommen, sich bestimmen soll, so
213 2059 1276 2100 dass dasselbe im Auflösungsaccorde fortbesteht und con¬
