1444 2597
691 220 777 265 194
202 315 1264 371 relative, oder ein Relatives in ihm die positive Bedeutung
201 371 1269 419 in der anderen Tonart erhält; zuletzt, dass ein Relatives
200 419 1267 466 wieder relative Bedeutung im neuen Tone annimmt. Dies
197 476 1255 521 Letztere aber ist eine unwesentlichere Verwandtschaftsbe¬
198 524 1260 571 stimmung; denn dass ein Anderes anders werde, dies kann
202 579 1264 627 für das Eine nur eine indirecte Bedeutung haben. Daher
207 635 1261 685 jene Tonartsbeziehungen, welche zwar am tonischen Drei¬
201 683 1271 731 klange Theil haben, in denen aber die Umdeutung aus
202 739 1260 788 einem secundären Momente in ein anderes secundäres ge¬
196 796 1257 833 schieht — Quint zu Terz, oder Terz zu Quint sich umwan¬
209 843 1263 891 delt — einen geringeren Grad von Verwandtschaft fühlen
210 899 1259 948 lassen als solche, in welchen das primäre Moment in
201 953 1252 995 die Bedeutung eines secundären in positivem oder negati¬
200 1004 1266 1044 vem Sinne, oder ein secundäres in die positiv- oder negativ-
202 1059 1262 1115 primäre Bedeutung übergeht. Von den in Umdeutung ein¬
201 1108 1260 1156 zelner Momente begründeten Verwandtschaften haben die
203 1163 1262 1211 Tonarten A-Dur, Es-Dur und E-Moll einen weniger directen
204 1219 1266 1264 Bezug zu der C-Durtonart, als die Tonarten E-Dur, As-Dur
194 1267 993 1322 und A-Moll. Dort wird die Terz e als Quint,
197 1547 582 1603 die Quint G als Terz,
203 1812 1281 1851 die Terz als negative Quint und die Quint als negative Terz
201 1867 367 1915 gesetzt —
