1444 2597
685 217 768 259 348
202 321 1258 363 chäen und trochäischen Daktylen wird der Daktylus immer
201 363 1205 411 die positiv erste Stelle in der Dipodie behaupten wollen:
204 547 1264 595 er hat die grössere Energie der Gliederung, hat im Ganzen
202 604 1260 643 mehr Gewicht, ist das kräftigere Glied, was den Trochäen
204 651 1256 699 als schwächeren Nachklang folgen lassen kann; nicht um¬
200 709 1259 762 gekehrt wird aus dem Trochten ein Daktylus hervorgehen
198 761 1257 803 können. In dieser letzteren Aufeinanderfolge würde nur
203 812 1255 859 die Formation dipodisch-negative Bedeutung anzunehmen
205 867 435 923 geneigt sein:
204 1036 1259 1088 dann aber ist der Trochäus eben zweites Glied geworden,
204 1092 985 1140 der Daktylus erstes in positiver Bedeutung:
201 1289 1259 1331 und die Kürze vor dem Daktylus ist sodann eben jene der
205 1331 1265 1380 trochäischen Reihe, welche zwei Dipodieen zu verbinden
201 1387 1260 1427 hat und dazu die grössere Fülle in Anspruch nimmt. Wie
196 1436 1255 1483 wenig mit dem Daktylus ein Metrum willig abzuschliessen
203 1491 1263 1537 ist, wird man leicht wahrnehmen; er begehrt allezeit noch
202 1547 732 1603 ein darauf folgendes Moment:
286 1692 1252 1737 166. Es ist hiermit keinesweges die Forderung ausge¬
199 1754 1258 1797 sprochen, dass der Daktylus in metrischer Reihe nur die
197 1811 1261 1843 erste dipodische Stelle einnehmen dürfe; die meisten Metra
196 1861 1263 1899 würden dieser Bedingung sich widersprechend erweisen:
196 1908 1264 1953 aber der Daktylus wird auch nicht accentloses Glied in der
199 1962 1263 2011 Reihe sein können, wie es ein zweiter Trochäe, von dem
202 2012 1263 2067 geringen Accente, den jede Länge auf ihrem Anfange trägt,
199 2067 614 2124 abgesehen, sein kann.
