1444 2597
715 220 767 261 66
223 311 1266 355 lassen, die dritte wird bleibend harmonisch andere Bedeu¬
215 364 491 405 tung annehmen.
305 418 1260 460 Im Uebergange aus dem tonischen in einen der ver¬
215 473 1262 512 minderten Dreiklänge, werden alle drei Stimmen sich be¬
228 525 1259 568 wegen, davon eine einen die Accorde vermittelnden Ton
218 579 1264 618 harmonisch sprungweis zu ergreifen hat, die anderen bei¬
216 632 1038 671 den melodische Secundfortschreitung erhalten.
306 684 1260 725 Die erste und zweite Art der Accord-verbindenden
210 737 1261 777 Fortschreitung wird als nächstliegende, soweit es jetzt er¬
221 791 1271 831 forderlich ist, von selbst einleuchten. Die dritte bedarf
221 843 506 882 einer Erklärung.
301 903 1257 946 89. Zwei völlig auseinanderliegende Dreiklänge, solche
215 958 1257 998 nämlich, unter denen ein verbindender, gemeinschaftlicher
220 1011 1260 1050 Ton nicht vorhanden ist, an dessen Umwandlung zu an¬
221 1064 1263 1104 derer Bedeutung das Verständniss des Ueberganges gegeben
219 1116 1265 1158 sein könnte, haben die Vermittlung durch den zwischen
219 1169 1267 1210 beiden liegenden Dreiklang nöthig, von welchem der erste
219 1223 1268 1263 der beiden Unvermittelten zwei Töne, der andere einen
221 1274 1263 1316 Ton enthält, und der Uebergang aus dem ersten in den
218 1325 1257 1368 zweiten kann eben nicht anders geschehen, als insofern der
217 1379 1257 1420 erste diese überwiegende Gemeinschaft mit dem zwischen¬
219 1434 1263 1474 liegenden schon hat und damit für diesen selbst zu setzen
224 1486 1259 1527 ist, oder: es ist die Fortschreitung aus dem ersten der
214 1538 1264 1579 unverbundenen Dreiklänge in den zweiten dieselbe, wie
214 1590 1234 1633 sie aus dem vermittelnden nach dem zweiten sein würde.
307 1655 901 1696 90. Im Systeme der C-Durtonart:
220 1794 1263 1836 sind die verminderten Dreiklänge D|F-a und h-D|F vom
216 1848 1268 1888 Dreiklange der Tonica C-e-G getrennt, und somit ist der
211 1900 1257 1941 Uebergang aus diesem nach jenen ohne hinzutretende Ver¬
215 1953 1270 1993 mittlung nicht möglich. Der Dreiklang der Tonica enthält
217 2006 1268 2047 aber von jedem der beiden Molldreiklänge zwei Töne in
221 2059 1270 2100 sich, diese Molldreiklänge sind wieder, jeder nach seiner
