1444 2597
675 276 750 322 191
186 371 1233 415 C-es-G übergegangen, sodann hat das negative Terzver¬
182 420 1238 468 hältniss es-G die positive Bedeutung Es-g angenommen. Im
181 477 1238 523 zweiten Momente dieser zusammengesetzten Folge C-e-G...
186 523 1226 572 C-es-G...B-Es-g, in C-es-G nämlich, würde für den C-Moll¬
187 587 1247 628 accord noch keine Tonart bestimmt sein, es bleibt noch
190 628 1235 675 unentschieden, ob er der C-Moll-, G-Moll-, Es-Dur- oder
181 683 1232 727 der As-Durtonart angehört; wiewohl für die erste Bedeut¬
185 738 1243 780 ung die Fortschreitung e..es, welche nach D weiter strebt
184 789 1247 835 und zu h-D-G führen möchte, am Meisten, für die letzte
187 836 1237 883 am Wenigsten spricht. Die umgekehrte Folge C-es-G...
181 891 1236 939 C-e-G würde ziemlich entschieden den zweiten Accord
180 954 1241 987 als Oberdominantdreiklang der F-Molltonart erscheinen
183 996 311 1042 lassen.
268 1048 1242 1092 286. Man wird schon mit dem Gefühle allein leicht
184 1100 1241 1146 wahrnehmen können, dass die erste der obigen chromati¬
188 1155 1233 1202 schen Fortschreitungen: e-G...E-gis, eine weit willigere,
190 1211 1235 1264 geschmeidigere ist, als die andere: C-e...cis-E. In der
185 1260 1237 1306 ersten wird gis durch das vorhandene e als Terz bestimmt;
185 1308 1234 1354 in der anderen: C-e...cis-E, ist für cis durch e keine Be¬
182 1364 1227 1412 stimmung gegeben. Die erste ist entschieden die chroma¬
181 1412 1234 1466 tische Differenz 24:25, in der zweiten ist es unentschieden,
188 1468 1238 1514 ob cis sich auf d, oder D wird als Leitton beziehen sollen:
185 1517 1239 1563 ob der Schritt im Verhältnisse 24:25 oder 128:135 ein¬
184 1569 1242 1619 treten solle (250). Es ist zwar in dem Verhältnisse 24:25
186 1635 1229 1667 an sich ebensowenig eine Bestimmung für die Into¬
184 1681 1238 1723 nation der chromatischen Fortschreitung enthalten, als in
180 1724 1244 1770 128:135; jene drückt aber den Unterschied der kleinen und
184 1772 1244 1835 grossen Terz aus, und die Intonation der grossen Terz ist
188 1833 1236 1876 eine direct bestimmte, sicher zu fassende, während die
184 1875 1244 1931 andere Fortschreitung: 128:135 erst den Ton, zu welchem
180 1943 1242 1979 der chromatische sich als Leitton verhalten soll, vorauszu¬
183 1987 1249 2035 setzen hat, dieser Leitton selbst aber in den Tönen des
181 2026 1246 2098 gegebenen Intervalles keine Bestimmung findet. Daher wird
183 2090 1245 2140 die Quint des Durdreiklanges allezeit leichter chromatisch
