1444 2597
673 251 729 292 51
168 345 1229 396 art im Uebertritt nach der Oberdominantseite sich aneignen
170 395 308 443 wollen.
256 444 1227 491 60. Durch das Uebertreten nach der Oberdominantseite
171 500 1222 551 ergeben sich, nach dem vorigen Verfahren, zwei Accorde,
176 547 1231 603 die ein vermindertes Terzintervall enthalten. In der Reihe
172 612 1233 651 B, z. B. werden, wenn der über die Quint der Dominant
174 660 1229 707 hinausliegende Ton fis in das C-Mollsystem aufgenommen
178 720 1229 764 und F als Grundton des Unterdominantaccordes dadurch
169 779 1229 826 ausgeschlossen wird, die Grenzverbindungsaccorde sein:
173 821 1230 867 D-fis|as, fis|as-C; Combinationen, aus denen der sogenannte
170 876 1230 922 übermässige Sextaccord hervorgeht, der auch seinen
177 924 1225 972 Leitton entschieden als Terz der Quint eines Oberdominant¬
166 979 613 1027 accordes empfinden lässt.
265 1035 1225 1082 61. Es kommen mithin in der Molltonart wie in der
173 1091 1228 1131 Durtonart, ausser denen des geschlossenen Systemes, nur
171 1152 1229 1187 diejenigen Grenzverbindungs-Dreiklänge wirklich zur Er¬
172 1203 1232 1243 scheinung, welche mit der Aufnahme des nächsten Gliedes
175 1244 979 1290 der Oberdominantseite hervorgehen können.
379 1299 1019 1348 In der C-Durtonart: D-fis|a, fis|a-C.
386 1355 1044 1411 In der C-Molltonart: D-fis|as, fis|as-C.
249 1404 1225 1455 Die besonderen Bedingungen für die Intervallenlage
175 1460 1222 1507 der beiden letzteren werden sich in der Folge ergeben.
166 1516 1224 1556 Jede harmonische Combination kann in ihrer äusseren Ge¬
180 1563 1233 1619 staltung nur aus inneren Bestimmungen hervorgehen und
178 1626 1229 1668 ein Accord wird, um ihn theoretisch zu fassen, nie als ein
174 1676 1229 1716 Aggregat von Tönen, mit willkührlich vorzunehmenden
176 1724 1223 1771 Erhöhungen und Vertiefungen zu betrachten sein, son¬
172 1786 1234 1835 dern allezeit nur als ein Moment der Entfaltung im Begriffe
169 1835 621 1883 organischer Wirklichkeit.
461 1919 942 1978 c) In der Moll-Dur-Tonart.
266 1995 1225 2043 62. Die Moll-Durtonart; die in den Dominantaccor¬
173 2052 1227 2107 den mit der Molltonart von gleicher Beschaffenheit ist, auch
170 2099 1232 2148 in der weiteren Fortsetzung nach beiden Seiten nur auf
