1444 2597
669 225 755 275 193
170 324 1240 371 Unterdominantgrundtones der Ausgangstonart nach der
170 379 1105 419 Oberdominantterz der neuen zu bewirken sein z. B.
168 579 1242 620 sondern der Dominantseptimenaccord der letzteren ist von
177 635 1249 683 dem tonischen oder von dem Oberdominantdreiklange der
166 680 696 740 Ausgangstonart zu ergreifen:
171 924 281 971 oder:
168 1164 1234 1210 Jener erste Uebergang würde immer im Intervalle fis-A, das a
177 1220 1232 1266 der C-Durtonart erst zur Dominantquint A der G-Durtonart
179 1276 1230 1323 alteriren müssen, dagegen in den beiden letzteren die Stufe
179 1332 1084 1371 sogleich in dieser Bedeutung intonirt werden kann.
260 1379 1237 1428 In solchen äusserlich kleinen, innerlich aber bedeuten¬
172 1436 1234 1483 den Differenzen ist der Grund zu suchen, warum manche
180 1485 1221 1530 natürlich scheinende Modulationen in naheliegende Ton¬
177 1546 1231 1587 arten etwas Hartes, Gezwungenes behalten und in der
180 1595 1224 1642 Vocalmusik nicht zu befriedigender Reinheit gedeihen wol¬
181 1643 1238 1692 len, während oft andere, in die entferntesten Tonarten
175 1699 1156 1747 führende, sich fügsam und leicht übergehend erweisen.
262 1748 1236 1795 287. Die innere Tonartverwandtschaft wird, wie schon
181 1804 1234 1859 gesagt ist, sich hauptsächlich immer nur am tonischen
178 1860 1232 1900 Dreiklange selbst bestimmen können, indem dieser entwe¬
175 1908 1232 1956 der in seiner Ganzheit, oder in Grundton und Quint, in
174 1963 1231 2011 Grundton und Terz, oder in Terz und Quint, oder endlich
178 2019 1237 2059 nur in einem dieser drei Accordmomente allein eine Be¬
177 2068 1244 2116 ziehung zu anderer Tonart aufsucht, so dass sein Positives
