1444 2597
716 210 774 251 88
213 300 1273 346 hauptsächlich geforderte, weil G, in der Vorbereitung durch
220 358 1277 412 C, mit der Quintbedeutung angefangen hat, und nach dem
226 405 1273 466 Folgebegriffe etwas anderes als Quint wird werden wollen,
214 460 1277 506 somit Grundton werden muss. Es wird also nicht D nach
218 516 1278 556 e, sondern C nach h fortschreiten müssen, wenn die Disso¬
226 571 1281 611 nanz befriedigend gelöst, die geforderte Einheit hergestellt
221 620 444 660 werden soll.
303 671 1280 712 127. Dies ist die Dissonanz des Vorhaltes, in welcher
224 723 1268 762 der vermittelnde, durch die beiden dissonirenden Töne ver¬
220 779 1273 826 schieden bestimmte Ton im Zusammenklange selbst mit
222 827 1274 873 enthalten ist, oder wenn er nicht real vorhanden, hinzuge¬
224 884 1284 924 dacht werden kann. Es ist im obigen Beispiele der Ton G
215 931 1277 978 in der Vorbereitung Quint, in der Dissonanz Quint und
226 987 1278 1035 Grundton, in der Auflösung Grundton. Er geht aus der
222 1044 1281 1083 einen einfachen durch die Doppelbedeutung in die andere
217 1091 476 1138 einfache über.
312 1147 1272 1193 128. Der Zusammenklang D-e würde den festgehal¬
226 1203 1277 1242 tenen Uebergang aus der Grundtonsbedeutung von G nach
227 1251 1277 1300 der Quintbedeutung desselben Tones aussprechen und sich
223 1301 1270 1347 durch C-e zu der letzteren, entscheiden wollen. Die Zu¬
228 1356 1269 1403 sammenklänge F-G und G-a werden, als Uebergangsbe¬
221 1419 1277 1458 stimmungen am Grundtone C, auf gleiche Weise zu den
215 1465 1276 1507 Auflösungen e-G und F-a führen. Die Secund e-F wird
224 1515 1279 1564 ihre Auflösung D-F durch das Dissonanzvermittelnde h, die
226 1572 1281 1623 Secund a-h die Auflösung G-h durch e, h-C die Auflösung
221 1619 572 1668 a-C durch F finden.
309 1676 1280 1722 129. Es könnte aber auch die Dissonanz D-e auf das
220 1732 1275 1770 vermittelnde a, G-a auf D, h-C auf e bezogen werden, je
216 1780 1272 1827 nach dem Sinne, in welchem eine vermittelte Fortschreit¬
220 1837 1274 1883 ung im dissonirenden Intervalle enthalten sein kann und
220 1883 1283 1939 je nachdem sie wirklich intendirt ist. Die Auflösung wird
222 1940 1279 1987 immer in gleicher Form geschehen; der Auflösungston wird
217 1995 1271 2051 aber dabei verschieden in seiner Accordbedeutung erschei¬
221 2052 1271 2100 nen; er wird Grundton oder Terz des Auflösungsdrei¬
