1444 2597
711 235 792 281 292
211 340 1268 387 geeignet sein und seine Rechtfertigung vor dem Gehöre fin¬
218 393 1283 435 den sollte; ebenso sicher musste auch ein jeder praktisch
220 436 1278 483 als richtig empfundene Accord in dem harmonisch-organi¬
217 492 1275 531 schen Systeme seine Herleitung, seine Natur nachweisen
214 540 346 586 lassen.
301 595 1279 636 Man hört in der Harmonielehre wohl von willkürlich
221 656 1273 698 oder zufällig erhöheten oder vertieften Tönen sprechen. In
219 692 568 756 den beiden Folgen:
219 932 1277 978 wird das gis der ersten eine erhöhete Quint genannt, das
213 988 1282 1035 ces der zweiten ein vertiefter Grundton. Warum erscheint
216 1043 1067 1083 aber diese Erhöhung in der Zusammenstellung:
205 1267 741 1323 und die Vertiefung in dieser:
214 1499 1265 1548 als etwas durchaus Gefühlswidriges und Unstatthaftes,
212 1556 1265 1595 wenn, wie hier in beiden Folgen, der erste mit dem letz¬
216 1604 1271 1660 ten Accorde doch in verständlichem Zusammenhange steht,
213 1653 1277 1699 und die Ueberleitung nur ein Hinauf- oder Herabziehen des
219 1700 1281 1756 fortschreitenden Tones sein sollte, eine willkürliche Er¬
216 1763 1265 1811 höhung oder Vertiefung desselben? — Wir wissen aber,
217 1812 1275 1859 dass der sogenannte übermässige Dreiklang, der hier im
219 1874 1274 1915 mittleren Accorde beider Folgen zu erkennen ist und von
217 1915 1276 1963 dem an seinem Orte gesprochen wurde (I. 234.), ein sy¬
221 1972 1278 2019 stematisch begründeter ist, in einem natürlichen Systeme
217 2028 1273 2067 sein Dasein hat, und dass dieses System mit dem Auftre¬
220 2077 1281 2123 ten des Accordes als ein vermitteltes muss vorhanden sein
