1444 2597
649 211 749 259 329
149 452 1208 515 Wie die positive Form zugleich die negative in sich fas¬
150 515 342 555 sen muss:
151 771 1218 827 ebenso wird in der negativen auch zugleich die positive
147 819 566 867 enthalten sein müssen:
149 1100 1203 1148 die Figur beginnt mit der Auftactskürze, die an sich wieder
150 1149 676 1211 eine Längenbedeutung erhält.
426 1267 922 1322 Die punctirte Bewegung.
227 1356 1201 1403 133. Indem wir durch diese rhythmischen Figuren auf
143 1411 1192 1451 die sogenannte punctirte Bewegung überhaupt geführt wer¬
153 1459 1201 1508 den, so ist diese auch als eine Bestimmung für sich zu
140 1520 1205 1563 betrachten; denn sie kann aus metrischen Formationen
144 1571 557 1619 jeder Art hervortreten.
228 1620 1209 1666 Wie im ungleichzeitigen punctirten Rhythmus schon
140 1676 1200 1731 wahrzunehmen ist, dass die kleine Kürze auf die Wirkung
150 1723 1201 1771 der grossen Länge keinen Einfluss hat, dass sie eine solche
140 1781 1194 1819 nur auf die intensive Beschaffenheit des zweiten Hauptmo¬
145 1841 1200 1875 mentes, die längere Kürze, ausübt, den sie aus einem
141 1884 1196 1930 völlig accentlosen zu einem verhältnissmässig accentuirten
142 1932 1201 1986 kräftiget; so ist diesem Zwischenmomente überhaupt auch
143 1987 1198 2050 keine metrische Bedeutung, keine solche, die einen gemes¬
143 2045 1206 2083 senen, seiner Dauer nach bestimmten oder bestimmbaren
