1444 2597
676 211 740 259 99
173 307 1246 354 sonant in ihm wird, so kann sie, nach der Beschaffenheit
179 355 1243 404 der im Septimenaccorde combinirten Dreiklänge, wieder
172 418 730 460 auf zweierlei Weise geschehen:
261 611 1237 668 Bei α schreitet die Septime chromatisch aufwärts,
172 666 1236 716 bei β der Grundton chromatisch abwärts. Hier hat das
180 716 1233 772 mittlere Intervall im Septimenaccorde die Doppelbedeutung
188 770 1235 868 $$GRAPHIC; bei der ersten Auflösung entscheidet es sich für
172 867 760 911 I-III, bei der zweiten für III-II.
268 914 1231 964 Wie bei der letzten Auflösungsart des Septimenaccor¬
172 979 1236 1020 des eine chromatische Fortschreitung erfordert und damit
177 1019 1228 1067 ein Tonartwechsel herbeigeführt wird, so werden noch an¬
180 1075 1232 1123 dere Weisen der Auflösung aufzuführen sein, bei denen
176 1131 1237 1179 chromatische Veränderungen eintreten. Sie finden aber ihre
173 1179 1226 1236 passende Stelle erst später; da sie eine Verbindung un¬
179 1235 1232 1283 mittelbar aufeinanderfolgender Septimenaccorde entstehen
177 1292 1221 1348 lassen, eine Folge; die in ihrem organischen Werden zu¬
172 1338 694 1388 vor an sich zu betrachten ist.
189 1434 1204 1484 Stimmen-Fortschreitung für die Septimenharmonie.
251 1523 1226 1559 149. Die Stimmenfortschreitung in Bezug auf die Ent¬
175 1572 1222 1626 stehung der Septimenharmonie kann nicht eine andere sein,
175 1627 1231 1677 als sie es in Bezug auf die Dreiklangsfolge an sich ist;
175 1676 1235 1742 denn die Septimenharmonie ist eben nichts anderes, als
171 1723 1235 1784 eine solche zum Accord zusammengefasste Folge selbst,
172 1765 1236 1845 und zwar kann sie, wie wir schon gesehen haben, allezeit
177 1824 1261 1911 nur zwei unmittelbar verbundene, zwei ineinanderliegende
166 1890 557 1946 Dreiklänge enthalten.
253 1895 1236 2003 Im Uebergange von C-e-G nach G-h-D, wird h nur als
162 1981 1231 2044 fortgeschrittenes C, D nur als fortgeschrittenes e verständ¬
165 2043 1230 2095 liche Bedeutung haben können, D aber nicht aus C her¬
