1444 2597
463 675 938 739 Metrum und Rhythmus.
252 803 1215 867 1. Metrum wollen wir das stetige Maass nennen,
168 868 1229 908 wonach die Zeitmessung geschieht. Rhythmus, die Art
169 916 753 963 der Bewegung in diesem Maasse.
245 972 1222 1019 2. Das Maass wird sich seiner äusseren Beschaffenheit
169 1028 1222 1082 nach ergeben als eine zwei-, drei- oder viertheilige Ein¬
169 1075 1214 1123 heit; die Bewegung in diesem Maasse, die von unendlicher
164 1131 1220 1179 Mannigfaltigkeit der Gestaltung an sich sein kann, wird
162 1187 1223 1227 als gemessene doch auch nur in den Bestimmungen ihre
171 1235 1222 1284 Verständlichkeit finden, welche aus dem metrischen Be¬
161 1291 495 1347 griffe hervorgehen.
249 1347 1221 1388 3. Wir werden aber hier denselben Begriffsmomenten
164 1396 1217 1439 wieder begegnen, die uns das Wesen des Dreiklanges er¬
158 1452 1220 1497 klärt haben, nämlich dem der Octav, der Quint und
164 1500 1221 1555 der Terz, diese Intervalle in ihrer abstracten Bedeutung
165 1556 1221 1611 genommen, d. i. dem der Einheit, des Gegensatzes und
169 1611 620 1668 des geeinten Gegensatzes.
602 1732 777 1780 Metrum.
480 1811 905 1865 I. Zweizeitiges. (Octav.)
246 1899 1228 1939 4. Als Anfang der metrischen Bestimmung ist ein
164 1948 1227 1995 zuvörderst noch ungetheiltes Zeitintervall zu setzen. Zwei
167 2005 1210 2051 aufeinanderfolgende hörbare Schläge, die wir eine Zeit¬
165 2052 1225 2099 secunde auseinander annehmen wollen, mögen uns ein
162 2107 790 2156 solches Zeitintervall versinnlichen.
