1444 2597
680 227 742 274 91
177 316 1237 363 der in der Dissonanz zweifach bestimmte vermittelnde Ton
181 372 1237 420 bei der Auflösung eine andere Bedeutung als die, welche
183 434 1235 477 er bei der Vorbereitung hat, erhalten will, so tritt er als
186 476 1235 524 vermittelnder in den Septimenaccord mit den entgegenge¬
184 531 1236 579 setzten Bestimmungen zugleich ein: denn wenn für den
183 587 1232 643 Septimenaccord e-G-h-D der Vorhaltsaccord e-a-D gesetzt
180 635 1226 681 wird, so hat im letzteren der vermittelnde Ton a gleich¬
180 692 1222 738 zeitig die zweifache Bedeutung erhalten; er kann sich dem¬
177 740 1225 787 nach für die Folge ebensowohl zu der einen wie zu der an¬
181 795 516 843 deren entscheiden.
266 848 1227 908 135. Wie die eine oder die andere Bewegung, das Auf¬
180 899 1240 945 wärtstreten des Grundtones, oder das Abwärtstreten der
177 956 1237 1001 Septime, zu einer Einheit oder Bestimmtheit führt, ebenso
188 1004 1232 1059 würde auch das gegenseitige Verdrängen beider Stimmen,
181 1060 1245 1105 wenn zugleich e nach F, und D nach C fortschreitet, eine
177 1108 1234 1156 Auflösung bewirken; dann kommt a aus dem Zweifel, Quint
179 1170 1240 1219 oder Grundton zu sein, in F-a-C zu der Gewissheit, Terz
182 1220 386 1267 zu werden.
267 1268 1238 1315 136. Die Auflösung der Dissonanz kann aber, und
178 1324 1234 1370 wird meistentheils mit dem Eintritte des vermittelnden
186 1370 1235 1434 Tones zugleich erfolgen, so dass im obigen Beispiele, auf
184 1427 1232 1484 den Septimenaccord e-G-h-D der auflösende Dreiklang
182 1483 1236 1529 e-a-C, F-a-D oder F-a-C unmittelbar folgen wird, ohne sich
179 1532 1198 1580 bei dem vermittelnden Vorhaltsaccorde e-a-D aufzuhalten.
266 1587 1226 1633 137. Diese Auflösung des Septimenaccordes, bei wel¬
185 1636 1234 1689 cher in einem zur Vermittlung der Dissonanz eintretenden
177 1692 1233 1732 Tone der directe Gegensatz von Grundton und Quint be¬
185 1755 1236 1795 stimmt wird, der sich dann in ihm zu der einen oder
177 1796 1232 1851 anderen einfachen, oder zu der Terzbedeutung entscheidet,
183 1851 1236 1899 können wir als die hauptsächliche betrachten; insofern
175 1900 1236 1946 nämlich durch den Eintritt des Dissonanzvermittelnden
183 1955 1241 2005 Tones, der sich für das mittlere Intervall einstellt, die
175 2012 1231 2060 Dreiklangszweiheit aufgehoben ist und die Consonanz un¬
172 2064 636 2123 behindert eintreten kann:
