1444 2597
687 251 777 298 164
201 340 1260 388 sie haben aber ihre Intervallbestimmung für die melo¬
203 396 1257 444 dische Fortschreitung unabhängig von der Harmonie des
197 451 547 507 liegenden Accordes.
291 500 1261 548 Wenn zu dem fortklingenden tonischen Dreiklange
202 562 1245 603 sich eine Stimme in der diatonischen Leiter melodisch be¬
208 612 1255 659 wegt, so sind ihre Stufen durch die verschiedenen Drei¬
200 659 1262 707 klänge des Systemes der Tonart gegeben, wie wenn jeder
195 724 1258 771 der Leitertöne mit dem Dreiklange begleitet würde, dem
198 778 1263 811 er in der vermittelten Folge angehört; denn es kann eben
205 820 1264 866 kein melodischer Ton anders eine Bestimmtheit erhalten
197 875 1256 921 haben, als dass er als Grundton, Terz oder Quint eines
199 925 674 971 Dreiklanges gefasst wurde.
568 1020 881 1075 b) Chromatische.
292 1099 1248 1148 245. Ebenso wird die chromatische über dem liegen¬
200 1149 1262 1195 den Dreiklange sich bewegende Tonleiter sich nur durch eine
203 1204 1259 1250 von diesem Accorde unabhängige Verbindung construiren
202 1259 1261 1299 können, in welcher die chromatischen Töne ihre zusam¬
207 1308 1257 1355 menhängende Fortschreitung finden, und zwar in einer
206 1363 1262 1407 Weise, dass auch die mit den Stufen des liegenden Drei¬
204 1420 1262 1459 klanges zusammentreffenden Töne ihre Bedeutung nicht aus
206 1467 1258 1515 diesem Accorde erhalten, sondern die, welche ihnen durch die
198 1530 1257 1579 Accorde des verbundenen Fortganges zukommt, die mit jener
207 1579 1259 1626 zusammenfallen, aber auch von ihr verschieden sein kann.
294 1627 1275 1675 246. Die chromatische Tonleiter im Systeme der
202 1683 871 1729 C-Durtonart bildet sich in der Reihe:
197 1811 536 1860 oder in der Reihe:
202 1937 1269 1980 Es bleibt bei dieser Bezeichnung der Töne, ohne den Un¬
201 1987 1255 2035 terschied kleiner und grosser Buchstaben, noch unent¬
200 2051 1266 2093 schieden, in welcher Geltung sie als Accordintervalle
205 2099 1264 2142 auftreten. Ein chromatisch erhöheter Ton wird aber zu¬
