1444 2597
633 219 726 265 111
135 307 1200 354 Reihe ununterbrochen sich fortsetzen können, in der drit¬
138 364 1198 407 ten wird sie von den periodisch sich einstellenden Quint¬
143 419 510 476 folgen unterbrochen.
224 468 1206 515 163. Die Progression in Septimenharmonieen nach der
147 523 1192 571 Oberdominantseite ist aber eine sich selbst widerspre¬
148 582 1196 619 chende. Diese Reihe ist eben eine verkehrte. Sie würde
141 628 1196 683 in entgegengesetzter Richtung, wenn die Fortschreitung
147 685 1205 738 vom dritten zum zweiten, vom vierten zum dritten
141 739 1202 779 Gliede geschähe, ganz folgerichtig erscheinen; indem sie
146 787 1203 835 dann eben zu einer Unterdominantreihe wird, oder zu
145 844 1199 883 einer Reihe, in welcher die Terz des unteren Dreiklan¬
149 907 1194 948 ges als Dissonanzvermittlung gesetzt ist, da in der Ober¬
150 948 1195 1003 dominantreihe es die Terz des oberen Dreiklanges ist,
147 996 1199 1044 an welcher die Auflösung erfolgt. So würde hier auch die
145 1051 1201 1099 Fortschreitung vom vierten zum zweiten, vom fünften
143 1115 985 1163 zum dritten Gliede u. s. f. ganz folgerecht sein.
229 1164 1195 1211 164. Die Septimenformation wird, wenn sie nach der
145 1211 1195 1268 Oberdominantseite geführt wird, nur in der Dreiklangs¬
142 1275 1192 1308 verbindung selbst bestehen können und nicht in ver¬
150 1315 1204 1363 ketteten Septimenaccorden, wie sie in der Richtung nach
143 1372 1199 1417 der Unterdominantseite sich zulässig ergibt. Daher auf der
144 1420 1195 1467 Oberdominantseite nur der Uebergang nach den in der
141 1475 1195 1520 Terz und in der Quint verwandten Dreiklängen als Septi¬
140 1537 1190 1579 menaccord zusammenzufassen ist, nicht aber der Ueber¬
145 1592 1197 1636 gang in den unverbundenen Dreiklang. Nach der Unter¬
148 1637 1192 1692 dominantseite ist auch dieser ein vermittelter, und zwar
145 1684 1016 1738 eben durch die Verbindung der Septimenaccorde.
226 1748 1198 1794 165. Es ist damit die Möglichkeit der Dissonanzbildung
136 1799 1187 1843 nach dem unverbundenen Dreiklange der Oberdominant¬
137 1844 1197 1891 seite nicht unbedingt geläugnet; nur kann diese Combi¬
136 1908 1192 1947 nation durch die Vermittlung, wie sie aus dieser Reihe
137 1948 1190 1996 direct hervorgeht, nicht erlangt werden. Die Folge a-C-e...
138 2010 1194 2051 G-h-D-e, die aus der primären Lage des ersten Dreiklanges
137 2061 1198 2105 unzulässig ist, wird aus der Terz-sextlage desselben:
