1444 2597
703 228 778 276 228
197 324 1263 371 kann sie nicht zu der letzten gelangen, und so ist sie mit
197 379 1257 419 dieser letzten eine successive, eine zeitliche Verbindung von
197 428 1254 475 Octav, Quint und Terz: der metrische Dreiklang.
289 483 1258 530 15. Der erste Schlag gibt uns den für die Zeitdauer
200 532 1255 579 noch unbestimmten Grundton. Der zweite die bestimmte
200 588 1249 634 Zeit, als Octav; das Zeitintervall mit seinem Abbilde ver¬
196 643 1251 683 bunden, als metrisch-bestimmte Einheit. Mit dem dritten
204 692 1252 739 erhalten wir des zweiten Zeitraumes Abbild, des zwei¬
201 748 1253 795 ten, als ersten gesetzt; somit die ersten zwei zusammen¬
198 812 1250 855 gehörigen Zeiten wieder getrennt, dem Ganzen seine Hälfte
200 852 1251 907 entzogen, ebenso den Widerspruch in diesem zweiten,
193 907 1255 955 Zweites und Erstes, Ende und Anfang entgegengesetzt in
195 964 1257 1004 sich zu sein: die metrische Quint. Der vierte Schlag lässt
191 1011 1246 1067 das Abbild des dritten Momentes entstehen, das Dritte aus
199 1067 1245 1123 einem Zweiten ein Erstes werden; dadurch ist das Zweite,
197 1117 1250 1172 das in seinem Verhältnisse zu dem Dritten der Verbindung
198 1178 1252 1226 mit dem Ersten entzogen war, diesem wiedergegeben, ist
204 1228 1247 1276 wieder Eins mit ihm geworden, und es ist nun das Erste
193 1276 1239 1326 und Zweite in dem gewordenen — in dem vermittelten,
188 1332 1254 1378 nicht mehr blos unmittelbar gegebenen Einheitszustande
190 1387 1245 1443 auch selbst ein Erstes geworden, das in der gleichen Dop¬
197 1450 1247 1491 peleinheit des Dritten und Vierten sein Abbild als Zweites
195 1492 1245 1540 erhält: es ist, im Begriffe der Terz, das Ganze auch Theil
185 1548 378 1602 geworden.
280 1595 1235 1643 16. Diese innige Vermittlung des Getrennt-Verbunde¬
196 1652 1255 1699 nen und Verbunden-Getrennten, die vollendete Negation
190 1708 1234 1763 jedes negirenden, ausschliessenden Momentes, ist das,
192 1770 1251 1818 was als Wesen des Dreiklanges uns hier in metrischer Be¬
194 1812 1245 1860 stimmung, wie im Zusammenklange von Tönen, als har¬
191 1874 1250 1916 monische Vollendung, überhaupt aber in jeder Weise der
190 1916 1249 1962 Erscheinung als vollendeter Begriff bestimmter Wirklich¬
189 1971 590 2027 keit ansprechen muss.
274 2020 1250 2067 17. Nun ist aber bei den Vorgängen der metrischen
186 2075 1253 2122 Formation als eine wesentliche Bedingung zu ihrem rich¬
