1444 2597
694 203 786 252 138
295 292 1265 356 210. Dasselbe, was hier von der Dissonanz des Sep¬
210 347 1264 395 timenaccordes gesagt ist, wird auch auf die Dissonanz
209 404 1274 450 des Vorhaltes anzuwenden sein. Dass hier wie dort
204 451 1270 498 die Verschiedenheit der Wirkung nicht auf der Art des
207 508 1270 555 dissonanten Intervalles allein, sondern auf der ganzen
205 563 1255 603 Natur des Accordes beruhen muss, wird kaum zu bemer¬
212 612 1269 660 ken nöthig sein; es würde aber eine Monographie des
212 668 1272 713 Vorhalts- und Septimenaccordes erfordern, wenn auf alle
204 721 1265 770 characteristischen Specialitäten der Dissonanz erklärend
205 771 1274 815 eingegangen werden sollte. Nur wenige Bemerkungen in
206 828 1001 874 diesem Bezuge mögen hier noch Platz finden.
289 883 1267 924 Ausser der besonderen Beschaffenheit der im Sep¬
206 931 1268 979 timenaccorde enthaltenen Dreiklangscombination, welche
210 994 1261 1043 allein in der Durtonart aus Dur- und Mollaccord (C-e-G-h,
210 1035 1272 1083 F-a-C-e), aus Moll- und Duraccord (a-C-e-G, e-G-h-D), aus
204 1091 1261 1139 Dur- und vermindertem- (G-h-D|F), aus vermindertem und
206 1140 1255 1195 Duraccord (D|F-a-C) und aus zwei verminderten (h-D|F-a)
202 1195 1271 1241 sich bilden kann, zu welchen die Molltonart noch durch
201 1243 1269 1307 ihren übermässigen Dreiklang (es-G-h) die an diesem
203 1299 1265 1354 theilnehmenden Septimenaccorde (C-es-G-h, es-G-h-D) und
199 1356 1263 1396 die aus der Verbindung der Dur- und Mollgrenze her¬
205 1411 1259 1450 vorgehenden (h-D|F-as, D-F|as-C) sowie die später zu
205 1459 1260 1499 betrachtenden aus der Verbindung der Grenzen des über¬
200 1515 1198 1571 greifenden Systemes entstandenen hinzukommen lässt, —
207 1563 1247 1611 ausser der Verschiedenheit dieser Combinationsbedingun¬
200 1619 1265 1673 gen, welche auch den Accorden, die eine äusserlich gleiche
202 1676 1259 1731 Septimenentfernung haben, verschiedene Dissonanzwirkung
207 1724 1265 1771 ertheilen muss, ist noch das melodische Verhältniss der
199 1779 1264 1819 Dissonanztöne zu den von ihrem Secundzusammenklange
205 1836 1264 1877 abgewendeten Nebentönen für die Wirkung der Dissonanz
197 1884 1264 1930 von Einfluss: die melodisch-nähere Verwandtschaft zu
201 1939 1263 1995 diesen Nachbartönen, indem sie den Schritt zur Auflösung
205 1988 1261 2035 erleichtert, wird auch die Dissonanz weniger hart erschei¬
191 2044 1062 2091 nen lassen, als ein weiterer Abstand von ihnen.
