1444 2597
627 219 696 260 15
136 307 1191 356 und zu diesem wird das Einzelne sich so zu einem Ganzen
124 364 1192 404 fügen und verbinden müssen, wie es aus ihm selbst hervor¬
134 420 1186 467 gegangen sein würde. Nur wie etwas aus der Einheit ge¬
137 468 1184 515 worden, kann es wieder Einheit werden, und nur als diese
131 524 1073 564 kann etwas als Gefühl und Gedanke uns ansprechen.
216 572 1189 619 Der Musikunkundige wird auf der ihm unbekannten
128 627 1192 675 Claviatur die Töne eines Accordes oder einer Melodie, wie
129 683 1191 723 er das eine oder andere im Sinne hat, zusammenfinden
130 731 1185 779 können, ohne von der harmonischen Bedeutung dieser Töne
134 787 1175 829 das Geringste zu wissen. Der Musiker kennt Töne und Ac¬
129 836 1187 884 corde, weiss deren harmonische Bedeutung, kennt Regeln
128 891 1189 939 für Harmonie und Melodie, für Metrum und Rhythmus, für
132 947 1184 987 musikalische Gestaltung in jedem Sinne; das ist es aber
130 1002 1189 1043 alles immer nicht, was ihn bei der poetischen Production
135 1052 1184 1091 leitet und ihn den rechten Ausdruck seiner Gedanken fin¬
135 1100 1179 1147 den lässt: es ist ebenso wie bei dem Musikunkundigen, der
125 1156 1189 1203 seinen Accord oder seine Melodie sich aus den Tönen des
134 1205 1191 1251 Clavieres zusammensucht, das Verlangen, mit einem inner¬
126 1260 1189 1306 lich Gefühlten das äusserlich Dargestellte übereinstimmend
124 1325 824 1363 zu machen, dass es jenes selbst werde.
213 1364 1188 1412 Die kunsttheoretische Kenntniss wird der technischen
127 1420 1184 1466 Befähigung Hülfe leisten können, überhaupt dem Künstler
130 1468 1184 1523 erst die Durchbildung verleihen, die ihn zum Meister macht;
133 1523 1173 1571 bei der Production selbst hat sie unmittelbar keinen An¬
129 1579 1193 1619 theil. — An das Wissen wird der Künstler wenigstens
133 1628 1176 1675 nur dann erst sich wenden, wenn das unmittelbare Kön¬
125 1691 1185 1739 nen ihn verlässt, wenn das Rechte sich nicht mehr unge¬
129 1732 1183 1779 sucht einstellen will und wenn er über die eigene Unklar¬
125 1791 604 1835 heit Klarheit suchen muss.
220 1836 1183 1883 Das sind nicht die glücklichsten Momente des Produci¬
134 1891 1194 1938 rens und der Production; sie stellen sich aber ein, — dem
129 1939 1187 1987 Nichtwissenden zur Verzweiflung am Gelingen, dem Wis¬
126 1996 1186 2051 senden zum Nachdenken und zu bewusster Ausmittelung
127 2052 405 2098 des Gesuchten.
