1444 2597
665 217 726 258 49
169 316 1209 355 der Terz des B-Durdreiklanges der Accord d-F-a die Unter¬
160 363 1227 411 dominant-, e-G-h die Oberdominantbedeutung erhalten und
164 413 1221 463 C, als Mitte des mittleren Dreiklanges a-C-e, zur Mitte des
168 475 1225 515 Systemes bestimmt sein, wie diese sich in a festsetzen
170 534 1217 571 würde, wenn durch den Eintritt des Grundtones B die F-
163 572 1228 625 Durtonart völlig hergestellt wäre, indem dann der tonische
155 633 1227 683 C-Durdreiklang wieder selbst Dominant- und zwar jetzt
163 684 885 728 Oberdominant-Dreiklang geworden ist.
254 779 1130 844 Verminderte Dreiklänge des übergreifenden
593 843 788 907 Systemes.
485 915 889 979 a) In der Dur-Tonart.
252 987 1227 1043 57. Wir beziehen uns jetzt, um die Accorde kennen zu
160 1045 1223 1097 lernen, welche aus dem Zusammenklange der Grenztöne
165 1099 1215 1146 entstehen, wenn das System nach der einen oder andern
162 1161 1220 1203 Seite übergreift, auf die beiden Reihen A und B (42) und
156 1212 1212 1253 beginnen mit dem Uebertreten des Dursystemes nach der
169 1259 1219 1308 Oberdominantseite, durch das die C-Durtonart die Terz der
163 1308 1209 1363 Oberdominant-Quint, fis, aufnimmt, den Unterdominant-
164 1371 1220 1416 Grundton F entlässt. Die Grenzverbindungsaccorde werden
161 1412 1218 1466 dann sein: D-fis|a und fis|a-C; in ihrer Natur und Wirkung
164 1469 1215 1520 verschieden von D-fis-A und fis-A-C, wie die Accorde sich
154 1524 828 1572 in der G-Durtonart ergeben würden.
253 1572 1219 1625 Wird das Tonsystem um ein Glied nach der Unterdo¬
160 1639 1211 1683 minantseite gerückt, so tritt hier d, die Terz des B-Dur¬
158 1683 1214 1738 dreiklanges hervor, indem zugleich D, als Quint von G, aus¬
165 1733 1219 1796 geschlossen wird. Als Grenzverbindungen combiniren sich
156 1788 1220 1850 jetzt die Accorde G-h|d und h|d-F; zu unterscheiden von
161 1849 1213 1893 G-h-D und h-D|F, wie sie das C-Dursystem innerhalb seiner
159 1891 1220 1948 unüberschrittenen Grenzen enthält und in der Verbindung
161 1955 460 2003 derselben bildet.
241 1996 1215 2051 58. Die Aufnahme des unterhalb des Systemes liegen¬
159 2059 1219 2108 den Terztones lässt allerdings die Tonart aus gleichem Grunde
