1444 2597
647 212 730 259 377
157 308 1212 363 Halbirung des metrischen Werthes dieser Stelle geschehen,
160 363 1216 411 indem sie sich wiederholt, oder die siebente mit in sich
159 411 357 459 aufnimmt:
152 700 1213 746 Auf beide Weisen kommt die sechste Stufe zu der fünften
158 755 1217 803 in relative, zu der siebenten in positive Geltung und die
160 804 1217 858 metrische Bestimmung wird der harmonischen eine völlig
161 860 329 915 adäquate.
243 907 1217 955 11. Dass aber auch hier, bei der Leiter, wie bei den
154 964 1212 1011 vorher besprochenen Dreiklangsfolgen, die metrische mit
161 1020 1216 1068 der harmonischen Bestimmung auf jede Weise in Gegensatz
163 1068 1212 1115 wird treten, sich mit ihr in jedem Sinne wird durchkreu¬
159 1131 1212 1178 zen können, geht schon selbstverständlich hervor, indem
167 1180 1213 1227 die Tonleiter eben auch nur in der Dreiklangsvermittlung
154 1227 1213 1275 ihre Stufen bestimmt erhalten kann. Sie werden aber nicht
155 1284 1213 1332 durch die nächstverwandten, in der Terz verbundenen,
156 1332 1217 1387 sondern nur durch die in der Quint verbundenen, durch
161 1387 1213 1434 die im zweiten Grade verwandten Dreiklänge bestimmt.
159 1443 1219 1483 Jene haben hauptsächlich den melodischen Stillstand, nur
161 1491 1218 1540 nebensächlich den Fortgang zur Folge; in diesen ist der
161 1547 1220 1587 melodische Fortgang das Hauptsächliche, der harmonische
159 1596 899 1643 Halt das Nebensächliche, Untergeordnete.
352 1705 1029 1755 Metrische Stellung der Dissonanz.
246 1796 1215 1842 12. Mit dem Auftreten der Dissonanz tritt auch eine
164 1851 1214 1892 wesentlichere Bestimmtheit für die metrische Stellung im
155 1900 591 1948 harmonischen Satze ein.
242 1955 1214 2010 Wir kennen die Dissonanz in zwei hauptsächlich un¬
155 2003 1197 2051 terschiedenen Gattungen: als Vorhalt, und als Septi¬
152 2060 484 2107 menharmonie.
