1444 2597
674 228 771 276 118
289 891 1244 931 176. Es wird aber im Septimenaccorde, den wir bis¬
189 939 1245 986 her noch immer nur als eine Verbindung von zwei inein¬
201 988 1246 1043 anderliegenden Dreiklängen betrachtet haben, ohne Rück¬
194 1051 1258 1091 sicht auf die besondere Beschaffenheit dieser verbundenen
196 1100 1251 1147 Dreiklänge, nun auch diese zu unterscheiden und in ihrer
200 1155 1257 1196 Bedeutung für den Character der Septimenharmonie zu
201 1204 453 1250 beachten sein.
280 1259 1252 1315 177. Die Septimenharmonieen des unverwendeten Sy¬
194 1316 336 1354 stemes:
191 1563 1250 1611 bestehen in der Verbindung je eines Dur- und eines Moll¬
194 1620 1255 1660 dreiklanges. Die Töne des mittleren Intervalles der Septi¬
199 1676 1253 1723 menharmonie sind in beiden Dreiklängen organisch ent¬
195 1724 1261 1770 halten, in jedem nach anderer Bestimmung; so dass im
192 1779 1070 1819 ersten und dritten Septimenaccorde für dasselbe:
188 2060 886 2106 zu setzen ist; im zweiten und vierten:
