1444 2597
712 227 805 268 368
225 316 1281 363 die metrisch unbetonte Kürze wird wollen drängen lassen.
223 372 1280 420 Für die neueren Sprachen ist es aber vornehmlich der logische
229 419 1275 468 Accent, der die metrische Stellung der Sylbe bestimmt;
232 483 1283 524 nicht nur in der allein accentuirten, sondern eben auch in
228 531 647 587 der quantitirten Metrik.
312 580 1275 622 193. Man nennt in der Sprachmetrik das metrisch po¬
232 642 1279 683 sitiv erste Moment die Arsis und das zweite die Thesis.
232 691 1288 739 In musikalischer Bedeutung ist es umgekehrt; da hier der
231 748 1286 796 erste Tacttheil, die sogenannte „gute” Zeit, Thesis, der
231 803 1284 851 zweite Tacttheil, die sogenannte „schlechte” Zeit, Arsis
227 859 1283 902 genannt wird. Die musikalische Benennung deutet mit dem
232 897 1286 947 Ausdrucke Thesis auf den Niederschlag, mit welchem der
228 948 1286 999 Tactanfang bezeichnet wird; die sprachmetrische mit dem
233 1003 1280 1051 Ausdrucke Arsis, für dasselbe Zeitmoment, auf die he¬
233 1059 1285 1114 bende Kraft, mit der die positiv-metrische Bestimmung
226 1108 1282 1154 beginnt. Dieser Unterschied ist zwar als bekannnt vor¬
233 1164 1273 1210 auszusetzen; es schien aber unserem Zwecke doch an¬
224 1219 1288 1272 gemessener, jene Benennungen, da sie in musikalischer
234 1267 1273 1315 und sprachmetrischer Anwendung entgegengesetzte Bedeut¬
225 1324 1276 1378 ung haben, ganz zu vermeiden; um den metrischen Begriff,
229 1372 1282 1419 der in beiden Sphären derselbe ist, durch verschiedene
230 1427 1281 1476 Namen für dieselbe Sache nicht mit sich selbst in schein¬
220 1479 1276 1522 baren Widerspruch zu bringen. Die Kenntniss der techni¬
229 1539 1286 1580 schen Namen, wie des äusseren Vorkommens der mit
233 1588 1287 1635 diesen Namen benannten Dinge ist bei allem bisher Ver¬
232 1635 1288 1684 handelten immer vorausgesetzt worden, und so haben wir
229 1691 1293 1736 die Namen auch als bekannte gebraucht; es beschäftigt uns
229 1747 1289 1788 aber eben weniger das äussere Vorkommen der benannten
226 1795 1286 1842 Dinge, als ihr inneres Wesen und ihr einheitlicher Zu¬
224 1851 475 1907 sammenhang.
