<?xml version="1.0" encoding="UTF-8" standalone="yes"?>
<PcGts xmlns="http://schema.primaresearch.org/PAGE/gts/pagecontent/2013-07-15" xmlns:xsi="http://www.w3.org/2001/XMLSchema-instance" xsi:schemaLocation="http://schema.primaresearch.org/PAGE/gts/pagecontent/2013-07-15 http://schema.primaresearch.org/PAGE/gts/pagecontent/2013-07-15/pagecontent.xsd">
    <Metadata>
        <Creator>prov=University of Rostock/Institute of Mathematics/CITlab|PLANET AI GmbH/Gundram Leifert/gundram.leifert@planet-ai.de:name=ONB_Newseye_GT_M1+(htr_id=10810)::::v=2.6.7
prov=University of Rostock/Institute of Mathematics/CITlab|PLANET AI GmbH/Tobias Gruening/tobias.gruening@planet-ai.de:name=de.uros.citlab.module.baseline2polygon.B2PSeamMultiOriented:v=2.6.7
prov=University of Rostock/Institute of Mathematics/CITlab|PLANET AI GmbH/Tobias Gruening/tobias.gruening@planet-ai.de:name=/net_tf/LA73_249_0mod360.pb:de.uros.citlab.segmentation.CITlab_LA_ML:v=2.6.6
Transkribus</Creator>
        <Created>2021-02-02T15:22:42.277+01:00</Created>
        <LastChange>2021-03-23T17:27:23.050+01:00</LastChange>
        <TranskribusMetadata docId="598856" pageId="23847128" pageNr="398" tsid="54109522" status="DONE" userId="74363" imgUrl="https://files.transkribus.eu/Get?id=HROWHXIKDMBSRGFMZDISJJEY&amp;fileType=view" xmlUrl="https://files.transkribus.eu/Get?id=SHSBAIVBBGKUKNIPLZGAEVVV" imageId="18303594"/>
    </Metadata>
    <Page imageFilename="Hauptmann1853-0407.jpg" imageWidth="1444" imageHeight="2597" type="content">
        <ReadingOrder>
            <OrderedGroup id="ro_1624196742531" caption="Regions reading order">
                <RegionRefIndexed index="0" regionRef="TextRegion_1613329649528_1490"/>
                <RegionRefIndexed index="1" regionRef="TextRegion_1613329649528_1489"/>
                <RegionRefIndexed index="2" regionRef="TextRegion_1613329645319_1485"/>
                <RegionRefIndexed index="3" regionRef="TextRegion_1613329620967_1475"/>
                <RegionRefIndexed index="4" regionRef="TextRegion_1613329618980_1471"/>
                <RegionRefIndexed index="5" regionRef="TextRegion_1613329616514_1467"/>
            </OrderedGroup>
        </ReadingOrder>
        <TextRegion orientation="0.0" type="page-number" id="TextRegion_1613329649528_1490" custom="readingOrder {index:0;} structure {type:page-number;}">
            <Coords points="163,224 1220,224 1220,282 163,282"/>
            <TextLine id="r1l1" custom="readingOrder {index:0;}">
                <Coords points="649,253 657,253 662,258 728,259 735,251 743,250 743,223 732,223 728,219 663,220 655,228 648,228"/>
                <Baseline points="655,250 682,252 709,251 737,250"/>
                <TextEquiv>
                    <Unicode>388</Unicode>
                </TextEquiv>
            </TextLine>
            <TextEquiv>
                <Unicode>388</Unicode>
            </TextEquiv>
        </TextRegion>
        <TextRegion orientation="0.0" type="paragraph" id="TextRegion_1613329649528_1489" custom="readingOrder {index:1;}">
            <Coords points="163,282 1220,282 1220,887 163,887"/>
            <TextLine id="r1l2" custom="readingOrder {index:0;}">
                <Coords points="164,355 1207,346 1207,322 1063,309 164,315"/>
                <Baseline points="171,344 222,343 274,343 325,343 377,343 428,343 480,343 531,344 583,344 634,344 686,344 737,344 789,345 840,345 892,345 943,345 995,346 1046,346 1098,346 1149,346 1201,347"/>
                <TextEquiv>
                    <Unicode>einfachen Gliedaccente, nicht wohl zum Träger eines har¬</Unicode>
                </TextEquiv>
            </TextLine>
            <TextLine id="r1l3" custom="readingOrder {index:1;}">
                <Coords points="161,404 1204,412 1204,372 1160,364 161,371"/>
                <Baseline points="167,396 218,396 270,397 321,397 373,397 424,397 476,397 527,397 579,397 630,397 682,397 733,397 785,398 836,398 888,398 939,398 991,398 1042,398 1094,399 1145,399 1197,399"/>
                <TextEquiv>
                    <Unicode>monisch schwerbetonten Momentes geeignet erscheinen las¬</Unicode>
                </TextEquiv>
            </TextLine>
            <TextLine id="r1l4" custom="readingOrder {index:2;}">
                <Coords points="165,459 1216,452 1183,420 165,427"/>
                <Baseline points="172,448 223,449 275,449 327,449 379,449 431,450 483,450 535,450 587,450 639,450 691,450 742,450 794,450 846,450 898,450 950,450 1002,450 1054,450 1106,450 1158,449 1210,449"/>
                <TextEquiv>
                    <Unicode>sen kann. Es werden deshalb die harmonisch-accentuir¬</Unicode>
                </TextEquiv>
            </TextLine>
            <TextLine id="r1l5" custom="readingOrder {index:3;}">
                <Coords points="157,514 1215,507 1145,461 618,467 582,492 157,474"/>
                <Baseline points="164,502 216,502 268,503 320,503 372,503 425,503 477,503 529,503 581,503 633,503 686,503 738,504 790,504 842,504 894,504 947,504 999,504 1051,503 1103,503 1155,503 1208,503"/>
                <TextEquiv>
                    <Unicode>ten Dissonanzmomente, der Vorhalt und die liegende Sep¬</Unicode>
                </TextEquiv>
            </TextLine>
            <TextLine id="r1l6" custom="readingOrder {index:4;}">
                <Coords points="161,562 1219,568 1219,531 1175,525 162,524"/>
                <Baseline points="168,553 220,553 272,554 324,554 376,554 429,555 481,555 533,555 585,555 637,555 690,556 742,556 794,556 846,556 898,557 951,557 1003,557 1055,557 1107,558 1159,558 1212,559"/>
                <TextEquiv>
                    <Unicode>time der wirklichen Dreiklangscombination, nur dem ersten</Unicode>
                </TextEquiv>
            </TextLine>
            <TextLine id="r1l7" custom="readingOrder {index:5;}">
                <Coords points="166,619 1134,627 1219,617 1220,588 166,580"/>
                <Baseline points="172,607 224,607 276,608 328,608 380,608 432,608 484,608 536,608 588,608 640,608 692,609 744,609 796,609 848,609 900,610 952,610 1004,610 1056,610 1108,611 1160,611 1213,612"/>
                <TextEquiv>
                    <Unicode>und dritten Gliede des vierzeitigen Metrums zufallen; das</Unicode>
                </TextEquiv>
            </TextLine>
            <TextLine id="r1l8" custom="readingOrder {index:6;}">
                <Coords points="157,670 1105,684 1217,675 1217,630 157,639"/>
                <Baseline points="164,660 216,660 268,660 321,661 373,661 425,661 478,661 530,661 582,661 635,661 687,661 739,661 792,661 844,662 896,662 949,662 1001,662 1053,663 1106,663 1158,663 1211,664"/>
                <TextEquiv>
                    <Unicode>zweite Glied aber wird als ein schwach accentuirtes, nach</Unicode>
                </TextEquiv>
            </TextLine>
            <TextLine id="r1l9" custom="readingOrder {index:7;}">
                <Coords points="162,723 1205,723 1192,685 1030,675 816,676 783,704 162,683"/>
                <Baseline points="168,713 219,714 271,714 322,714 374,714 425,714 477,714 528,714 580,714 631,714 683,714 735,714 786,714 838,714 889,714 941,714 992,715 1044,715 1095,715 1147,715 1199,716"/>
                <TextEquiv>
                    <Unicode>dem dreifach accentuirten ersten, ebenso wie das accent¬</Unicode>
                </TextEquiv>
            </TextLine>
            <TextLine id="r1l10" custom="readingOrder {index:8;}">
                <Coords points="164,778 1225,777 1199,731 1064,755 164,732"/>
                <Baseline points="170,766 222,766 274,767 327,767 379,767 432,767 484,767 536,767 589,767 641,767 694,767 746,767 798,767 851,767 903,767 956,767 1008,767 1060,767 1113,767 1165,768 1218,768"/>
                <TextEquiv>
                    <Unicode>lose vierte nach dem doppelt accentuirten dritten, nur die</Unicode>
                </TextEquiv>
            </TextLine>
            <TextLine id="r1l11" custom="readingOrder {index:9;}">
                <Coords points="157,827 1205,827 1201,788 157,788"/>
                <Baseline points="163,820 214,819 266,819 318,819 370,819 422,819 473,819 525,819 577,819 629,819 681,820 732,820 784,820 836,820 888,820 940,820 991,820 1043,820 1095,820 1147,820 1199,820"/>
                <TextEquiv>
                    <Unicode>harmonisch nicht-accentuirte nachschlagende Septime auf¬</Unicode>
                </TextEquiv>
            </TextLine>
            <TextLine id="r1l12" custom="readingOrder {index:10;}">
                <Coords points="166,883 460,883 460,858 437,844 337,844 329,836 305,852 288,844 234,848 217,836 186,848 166,844"/>
                <Baseline points="172,871 197,872 223,872 248,872 274,872 300,872 325,872 351,872 377,872 402,872 428,872 454,872"/>
                <TextEquiv>
                    <Unicode>nehmen können.</Unicode>
                </TextEquiv>
            </TextLine>
            <TextEquiv>
                <Unicode>einfachen Gliedaccente, nicht wohl zum Träger eines har¬
monisch schwerbetonten Momentes geeignet erscheinen las¬
sen kann. Es werden deshalb die harmonisch-accentuir¬
ten Dissonanzmomente, der Vorhalt und die liegende Sep¬
time der wirklichen Dreiklangscombination, nur dem ersten
und dritten Gliede des vierzeitigen Metrums zufallen; das
zweite Glied aber wird als ein schwach accentuirtes, nach
dem dreifach accentuirten ersten, ebenso wie das accent¬
lose vierte nach dem doppelt accentuirten dritten, nur die
harmonisch nicht-accentuirte nachschlagende Septime auf¬
nehmen können.</Unicode>
            </TextEquiv>
        </TextRegion>
        <TextRegion orientation="0.0" type="paragraph" id="TextRegion_1613329645319_1485" custom="readingOrder {index:2;}">
            <Coords points="163,887 1220,887 1220,1105 163,1105"/>
            <TextLine id="r1l13" custom="readingOrder {index:0;}">
                <Coords points="254,933 1223,944 1223,897 1189,891 730,913 254,891"/>
                <Baseline points="260,923 307,923 355,924 403,924 451,925 499,925 547,925 594,925 642,925 690,926 738,926 786,926 834,926 882,926 929,926 977,926 1025,926 1073,926 1121,926 1169,926 1217,926"/>
                <TextEquiv>
                    <Unicode>Dass in ihrer Stelle die anderen nicht nothwendig</Unicode>
                </TextEquiv>
            </TextLine>
            <TextLine id="r1l14" custom="readingOrder {index:1;}">
                <Coords points="159,987 1168,995 1222,987 1222,949 159,951"/>
                <Baseline points="165,975 217,976 270,977 322,977 375,978 427,978 480,978 532,979 585,979 637,979 690,979 742,979 795,979 847,979 900,979 952,978 1005,978 1057,978 1110,978 1162,978 1215,978"/>
                <TextEquiv>
                    <Unicode>accentuirten Dissonanzharmonieen Platz finden werden, geht</Unicode>
                </TextEquiv>
            </TextLine>
            <TextLine id="r1l15" custom="readingOrder {index:2;}">
                <Coords points="165,1034 1215,1036 1198,996 165,1003"/>
                <Baseline points="172,1028 223,1028 275,1028 327,1029 379,1029 431,1030 482,1030 534,1030 586,1031 638,1031 690,1031 741,1031 793,1032 845,1032 897,1031 949,1031 1000,1031 1052,1030 1104,1030 1156,1028 1208,1027"/>
                <TextEquiv>
                    <Unicode>von selbst hervor, da sie auch von völlig accentlos metri¬</Unicode>
                </TextEquiv>
            </TextLine>
            <TextLine id="r1l16" custom="readingOrder {index:3;}">
                <Coords points="161,1090 820,1092 807,1060 711,1052 161,1060"/>
                <Baseline points="167,1080 199,1081 231,1082 264,1082 296,1083 328,1083 361,1083 393,1083 425,1084 458,1084 490,1084 522,1084 555,1084 587,1084 619,1084 652,1084 684,1084 716,1084 749,1084 781,1084 814,1085"/>
                <TextEquiv>
                    <Unicode>schen Stellen sich aufnehmen lassen.</Unicode>
                </TextEquiv>
            </TextLine>
            <TextEquiv>
                <Unicode>Dass in ihrer Stelle die anderen nicht nothwendig
accentuirten Dissonanzharmonieen Platz finden werden, geht
von selbst hervor, da sie auch von völlig accentlos metri¬
schen Stellen sich aufnehmen lassen.</Unicode>
            </TextEquiv>
        </TextRegion>
        <TextRegion orientation="0.0" type="heading" id="TextRegion_1613329620967_1475" custom="readingOrder {index:3;} structure {type:heading;}">
            <Coords points="163,1105 1220,1105 1220,1254 163,1254"/>
            <TextLine id="r1l17" custom="readingOrder {index:0;}">
                <Coords points="592,1220 616,1220 630,1235 646,1235 663,1218 697,1218 720,1235 737,1233 750,1219 780,1220 780,1191 762,1181 695,1180 684,1172 666,1177 637,1177 629,1171 592,1174"/>
                <Baseline points="599,1211 628,1211 657,1211 686,1211 715,1212 744,1212 773,1211"/>
                <TextEquiv>
                    <Unicode>Synkope.</Unicode>
                </TextEquiv>
            </TextLine>
            <TextEquiv>
                <Unicode>Synkope.</Unicode>
            </TextEquiv>
        </TextRegion>
        <TextRegion orientation="0.0" type="paragraph" id="TextRegion_1613329618980_1471" custom="readingOrder {index:4;} structure {type:paragraph;}">
            <Coords points="163,1254 1220,1254 1220,1579 163,1579"/>
            <TextLine id="r1l18" custom="readingOrder {index:0;}">
                <Coords points="245,1305 1217,1319 1217,1281 1129,1268 245,1268"/>
                <Baseline points="252,1298 299,1298 347,1298 395,1298 443,1298 491,1298 539,1298 587,1298 635,1299 683,1299 731,1299 778,1299 826,1299 874,1299 922,1299 970,1299 1018,1300 1066,1300 1114,1300 1162,1300 1210,1300"/>
                <TextEquiv>
                    <Unicode>26. Wie aber schon im drei- und vierzeitigen Metrum,</Unicode>
                </TextEquiv>
            </TextLine>
            <TextLine id="line_1613329743644_1545" custom="readingOrder {index:1;}">
                <Coords points="164,1363 1223,1362 1223,1322 1157,1316 743,1316 717,1342 164,1317"/>
                <Baseline points="170,1349 216,1351 233,1350 282,1350 331,1351 380,1351 429,1351 478,1351 527,1351 577,1351 626,1351 675,1351 724,1352 773,1352 822,1352 871,1352 921,1352 970,1352 1019,1352 1068,1351 1117,1351 1166,1351 1216,1350"/>
                <TextEquiv>
                    <Unicode>in geschlossener Formation, das schwache Glied eines</Unicode>
                </TextEquiv>
            </TextLine>
            <TextLine id="r1l21" custom="readingOrder {index:2;}">
                <Coords points="165,1411 1218,1411 1218,1371 165,1372"/>
                <Baseline points="171,1400 223,1401 275,1401 327,1402 379,1403 431,1403 483,1404 535,1404 587,1404 639,1405 691,1405 743,1405 795,1405 847,1405 899,1404 951,1404 1003,1404 1055,1404 1107,1404 1159,1403 1212,1403"/>
                <TextEquiv>
                    <Unicode>Paares von dem starken eines anderen Paares überdeckt</Unicode>
                </TextEquiv>
            </TextLine>
            <TextLine id="r1l22" custom="readingOrder {index:3;}">
                <Coords points="169,1467 1220,1468 1220,1433 1165,1420 725,1448 169,1431"/>
                <Baseline points="176,1454 227,1454 279,1455 331,1455 383,1456 435,1456 487,1457 538,1457 590,1457 642,1457 694,1458 746,1458 798,1458 850,1458 901,1458 953,1457 1005,1457 1057,1457 1109,1457 1161,1456 1213,1456"/>
                <TextEquiv>
                    <Unicode>wird und sich wieder als ein accentuirtes hervorgehoben</Unicode>
                </TextEquiv>
            </TextLine>
            <TextLine id="r1l23" custom="readingOrder {index:4;}">
                <Coords points="168,1523 1220,1523 1220,1482 168,1483"/>
                <Baseline points="174,1508 226,1508 278,1509 330,1509 382,1509 434,1509 486,1510 538,1510 590,1510 642,1510 694,1510 746,1510 798,1510 850,1510 902,1510 954,1510 1006,1510 1058,1510 1110,1510 1162,1509 1214,1509"/>
                <TextEquiv>
                    <Unicode>zeigt; so ist auch in weiter gebildeter Reihe eine solche</Unicode>
                </TextEquiv>
            </TextLine>
            <TextLine id="r1l24" custom="readingOrder {index:5;}">
                <Coords points="171,1572 1059,1572 1035,1539 841,1525 171,1536"/>
                <Baseline points="177,1559 220,1560 264,1561 308,1561 352,1562 395,1562 439,1563 483,1563 527,1563 570,1563 614,1563 658,1563 702,1563 745,1563 789,1563 833,1562 877,1562 920,1562 964,1562 1008,1562 1052,1563"/>
                <TextEquiv>
                    <Unicode>verkettete Gliederung positiver Paare fortzusetzen.</Unicode>
                </TextEquiv>
            </TextLine>
            <TextEquiv>
                <Unicode>26. Wie aber schon im drei- und vierzeitigen Metrum,
in geschlossener Formation, das schwache Glied eines
Paares von dem starken eines anderen Paares überdeckt
wird und sich wieder als ein accentuirtes hervorgehoben
zeigt; so ist auch in weiter gebildeter Reihe eine solche
verkettete Gliederung positiver Paare fortzusetzen.</Unicode>
            </TextEquiv>
        </TextRegion>
        <TextRegion orientation="0.0" id="TextRegion_1613329616514_1467" custom="readingOrder {index:5;} structure {type:paragraph-continued;}">
            <Coords points="163,1579 1220,1579 1220,1847 163,1847"/>
            <TextLine id="r1l25" custom="readingOrder {index:0;}">
                <Coords points="248,1626 1214,1627 1214,1587 1185,1581 431,1580 398,1603 248,1580"/>
                <Baseline points="255,1614 302,1615 350,1615 397,1615 445,1616 493,1616 540,1616 588,1616 635,1616 683,1616 731,1616 778,1616 826,1616 873,1616 921,1616 969,1616 1016,1615 1064,1615 1111,1615 1159,1615 1207,1616"/>
                <TextEquiv>
                    <Unicode>27. An sich gewährt schon jede Reihe fortlaufender</Unicode>
                </TextEquiv>
            </TextLine>
            <TextLine id="r1l26" custom="readingOrder {index:1;}">
                <Coords points="166,1675 823,1691 942,1659 1204,1676 1220,1644 166,1636"/>
                <Baseline points="172,1663 224,1665 276,1666 328,1667 380,1668 432,1669 484,1669 536,1669 588,1669 640,1669 692,1669 744,1669 796,1668 848,1668 900,1668 952,1667 1004,1667 1056,1667 1108,1667 1160,1667 1213,1667"/>
                <TextEquiv>
                    <Unicode>Formation einen doppelten Gesichtspunct. Wie eine Reihe</Unicode>
                </TextEquiv>
            </TextLine>
            <TextLine id="r1l27" custom="readingOrder {index:2;}">
                <Coords points="165,1730 1223,1731 1199,1685 165,1692"/>
                <Baseline points="171,1719 223,1720 275,1720 327,1720 380,1721 432,1721 484,1721 536,1722 589,1722 641,1722 693,1722 745,1722 798,1722 850,1722 902,1722 954,1721 1007,1721 1059,1721 1111,1720 1163,1720 1216,1719"/>
                <TextEquiv>
                    <Unicode>von Duraccorden zugleich eine Reihe von Mollaccorden in</Unicode>
                </TextEquiv>
            </TextLine>
            <TextLine id="r1l28" custom="readingOrder {index:3;}">
                <Coords points="169,1779 1226,1779 1226,1747 1161,1739 169,1747"/>
                <Baseline points="175,1772 227,1772 279,1773 331,1773 384,1773 436,1773 488,1773 540,1774 593,1774 645,1774 697,1774 749,1774 802,1774 854,1775 906,1774 958,1774 1011,1774 1063,1774 1115,1774 1167,1773 1220,1772"/>
                <TextEquiv>
                    <Unicode>sich enthält, ebenso ist auch in der metrisch-positiven</Unicode>
                </TextEquiv>
            </TextLine>
            <TextLine id="r1l29" custom="readingOrder {index:4;}">
                <Coords points="161,1833 564,1832 617,1851 919,1835 919,1804 845,1795 161,1793"/>
                <Baseline points="168,1825 205,1825 242,1825 279,1825 316,1826 354,1826 391,1826 428,1826 465,1826 502,1826 540,1826 577,1826 614,1827 651,1827 688,1827 726,1827 763,1827 800,1827 837,1828 874,1828 912,1828"/>
                <TextEquiv>
                    <Unicode>Reihe gleichzeitig eine negative enthalten:</Unicode>
                </TextEquiv>
            </TextLine>
            <TextEquiv>
                <Unicode>27. An sich gewährt schon jede Reihe fortlaufender&#13;
Formation einen doppelten Gesichtspunct. Wie eine Reihe&#13;
von Duraccorden zugleich eine Reihe von Mollaccorden in&#13;
sich enthält, ebenso ist auch in der metrisch-positiven&#13;
Reihe gleichzeitig eine negative enthalten:</Unicode>
            </TextEquiv>
        </TextRegion>
        <GraphicRegion id="Graphic_1613329683105_1501" custom="readingOrder {index:6;} structure {type:floating;}">
            <Coords points="163,1847 1220,1847 1220,2145 163,2145"/>
        </GraphicRegion>
    </Page>
</PcGts>
