1444 2597
649 226 704 266 83
152 324 1213 371 gange von C-e-G nach h-D|F der Dreiklang e-G-h der
152 371 1219 418 Folgevermittelnde. Auf diesem Wege müsste sich für die
149 419 1213 469 Septimenbildung nach dem verminderten Dreiklange der
148 476 503 524 Unterdominantseite
146 677 1213 723 die Lage a-C-D-F nach dem verminderten Dreiklange der
150 731 488 780 Oberdominantseite
149 943 1210 980 die Lage D-F-G-h ergeben, indem dort der Ton a aus dem
144 988 1208 1035 substituirten a-Molldreiklange, hier der Ton h aus dem
149 1044 1204 1091 substituirten e-Molldreiklange die Vermittlung des letzten
149 1092 449 1148 Gliedes gewährt.
235 1146 1201 1195 Auch die obige Succession, welche den dritten und
154 1204 1199 1244 vierten Dreiklang der Reihe als Septimenaccord zusam¬
154 1252 1206 1298 menhält, wird in diesem noch einen Ton des Ausgangsdrei¬
150 1307 1190 1355 klanges enthalten. Man sieht aber, dass bei diesem Fort¬
149 1364 1204 1411 gange der erste und letzte Dreiklang in primärer Lage
148 1419 1206 1459 nebeneinander zu stehen kommen, denn wir erhalten nach
153 1467 579 1507 der Unterdominantseite:
142 1611 671 1651 nach der Oberdominantseite:
233 1740 1208 1787 In der Anwendung auf die hier speciell verzeichneten
144 1796 1199 1842 Fälle, d. h. im Uebergange aus dem tonischen Dreiklange
143 1850 1202 1907 nach dem unteren oder oberen verminderten Dreiklange, ist
146 1900 1199 1955 in diesen Fortschreitungen etwas Unrichtiges nicht zu em¬
150 1956 1205 2011 pfinden; wollen wir die Formation aber allgemein setzen,
143 2010 1195 2059 sie auf die Septimenbildung, von den andern Dreiklängen
145 2059 1200 2113 der Tonart, als primär gesetzten, ausgehend anwenden,
