1444 2597
652 243 742 291 259
162 343 1224 396 sind sie gleich, sie sind nicht Ein und Anderes, sondern
155 397 1218 438 sind eben nur Ein und Dasselbe und können eben auch
164 457 1217 492 nur einunddieselbe Stelle einnehmen wollen. In diesem
164 500 1217 547 Sinne gestalten diese Formationen sich schon an sich selbst
162 563 594 612 zu dreizeitigem Metrum:
156 831 1223 868 denn das zweite Glied des ersten Paares ist vom ersten
164 876 1213 923 Gliede des zweiten Paares nicht verschieden; es stellt sich
152 931 1218 970 in beiden nur dasselbe metrische Moment dar: ein Rela¬
166 979 1218 1035 tives oder ein Positives. Eine Folge, eine Trennung und
154 1034 1216 1083 daraus möglich werdende Verbindung würde hier erst
161 1084 1219 1130 entstehen können, wenn diese Stellen Relatives und
162 1140 760 1187 Positives nacheinander enthielten.
247 1196 1209 1243 57. Wie zwei und drei Gliedaccente unmittelbar auf¬
165 1250 1216 1308 einander folgen können, lehrt uns das positiv-dreizei¬
165 1300 1216 1347 tige und vierzeitige Metrum. Die Accentmomente erhalten
156 1356 1206 1400 sodann eine Verschiedenheit unter sich durch die Accen¬
153 1412 1209 1451 tuirung der Glieder höherer Ordnungen. Dieser Accent¬
160 1460 1214 1508 unterschied kann aber an accentlosen Gliedern nicht
161 1515 1212 1563 zum Ausdrucke kommen, auch ergibt keine der früher
159 1564 1207 1611 betrachteten Arten metrischer Combination die Aufeinan¬
157 1626 1220 1667 derfolge von mehreren accentlosen Momenten. Wenn die
160 1676 1214 1723 obigen metrisch doppel-zweizeitigen Formationen mit ent¬
161 1723 1212 1785 gegengesetzten Paaren sich viergliedrig äussern wollen, so
162 1784 1215 1835 kann es eben nur in der Weise geschehen, dass die er¬
151 1835 912 1883 stere: 1—2—2—1, die metrische Gestalt:
147 1995 833 2044 die zweite: 2—1—1—2, die Gestalt:
