1444 2597
666 229 749 275 150
177 330 1231 379 sich eine Vermittlung in h herstellen, wie auf diese Weise
178 372 1218 426 im geschlossenen Systeme sie von der sechsten zu der sie¬
179 428 1231 482 benten Stufe durch die tonische Terz geschieht; in der har¬
173 492 1232 539 monischen Fortschreitung aber, in der Accordfolge, die nur
172 531 1226 578 in Terz-verwandten, nicht in Quint-verwandten Dreiklän¬
177 587 1235 643 gen geboten ist, könnte die Accordverbindung für diesen
179 636 1229 691 Fall nur in dem Ineinanderliegen von fis|as-C-e bestehen:
172 699 1236 747 es gewährt aber hier weder C noch as eine Vermittlung zu
172 758 1230 803 diesem Uebergange, die allezeit nur darin möglich ist, dass
175 795 1232 850 ein Dreiklangsmoment an sich eine andere Accordbedeutung
179 859 1238 899 annehme. C hat aber zu fis, wie e zu as, keine harmonische
177 908 517 963 Einheitsbedeutung.
266 955 1229 1003 226. Nun ist für die Fortschreitung G..as die Ver¬
181 1012 1222 1060 mittlung in C, und für die Fortschreitung G..fis in D ent¬
175 1068 1231 1123 halten. G würde sich also für diese doppelte Fortschreitung
174 1117 1231 1164 zugleich als Quint auf C, und als Grundton auf D beziehen
173 1172 1230 1218 müssen: es müsste, um den Zusammenklang der ver¬
180 1219 1233 1275 minderten Terz fis|as entstehen zu lassen, gleichzeitig
172 1276 1242 1323 Entgegengesetztes sein; und dieser Widerspruch ist
179 1331 1235 1371 es, der sich in der Wirkung der verminderten Terz als
169 1379 816 1427 harmonischem Intervalle ausspricht.
258 1436 1236 1482 227. Wir haben schon früher einen Accord kennen
175 1484 1219 1532 lernen, dessen Dissonanzintervall nur ausser der melodisch-
177 1539 1229 1595 directen Beziehung seiner Töne eine naturgemässe Stellung
177 1595 1229 1635 finden konnte; es ist dies der Septimenaccord der Ober¬
180 1644 1232 1692 dominantterz in der Durtonart: h-D|F-a, in welchem
176 1699 1224 1747 allezeit die Septime oberste Stimme sein muss, wenn seine
173 1755 1230 1795 Dissonanztöne h—a sich nicht in die Töne H—A der A-Moll¬
176 1803 1226 1851 tonart umwandeln sollen (198). Etwas diesem Verwandtes
170 1860 1231 1905 findet statt bei dem Intervalle der verminderten Terz fis|as:
171 1910 1235 1956 diese steht hier in der melodischen Beziehung ihrer beiden
168 1964 1232 2019 Töne auf den Ton G; sie spricht uns an als eine gleichzeitig
168 2026 1237 2074 geschehene Fortschreitung von G..as und G..fis; als eine
172 2076 1240 2123 solche aber enthält sie eben auch einen Widerspruch, wie
