1444 2597
701 202 791 244 218
208 292 1283 337 sich eine der Haupttonart verwandte festgesetzt hat, ab¬
207 356 1270 403 geschlossen; dieser bezeichnet nur den Vordersatz eines
217 404 1265 450 Nachsatzes: nicht einen Abschnitt, nur einen Einschnitt.
215 451 1270 497 Wie aber ein solcher Einschnitt nicht einen Schluss¬
212 509 1268 555 accord herbeizuführen hat, der Dominantaccord dabei
217 563 1267 620 bezüglich seiner Herleitung auch in einer Uebergangsge¬
212 612 1263 666 stalt erscheinen kann, so wird hier auch die Bedingung,
221 668 1277 716 welche den vollkommenen Schluss nur aus einem der Do¬
218 724 1263 764 minantdreiklänge herleiten liess, wegfallen; der Dominant¬
215 772 1267 821 dreiklang kann hier aus jeder Schlussfall-mässigen Folge
214 828 1268 874 hervorgehen. Wenn bei dem vollkommenen Schlusse nur
217 880 1265 925 die beiden Cadenzen V...I, IV...I; G...C, F...C sich
222 943 1277 979 verwirklichen konnten, so stehen dagegen für den Ein¬
215 995 1271 1035 schnittsschluss nach den Dominanten, ausser den beiden
213 1036 1268 1106 jenen entgegengesetzten Cadenzen: I...V, I...IV; C...G,
218 1091 747 1139 C...F, auch diese zu Gebote:
299 1515 1269 1563 Ebenso würde dieser Schluss aus den Grenzverbind¬
206 1578 1268 1627 ungsdreiklängen des übergreifenden Tonartsystemes, in die
213 1619 1272 1667 Oberquint: fis|a-C...D-G-h, in die Unterquint: e-G|B...
209 1683 931 1722 C-F-a, seine Herleitung erhalten können.
293 1723 1277 1771 320. Wir haben noch der Schlussform zu gedenken, die
211 1787 1269 1827 nach dem Oberdominantaccorde an der Stelle des zu er¬
208 1836 1267 1876 wartenden tonischen Dreiklanges einen anderen Accord fol¬
212 1899 1275 1947 gen lässt; man nennt bekanntlich eine solche Folge einen
212 1939 1267 1988 Trugschluss. Innerhalb der Tonart wird diese Folge
205 2001 1279 2042 nur der Gesetzlichkeit unterworfen sein, in welcher die
205 2051 1275 2092 Schlussbedingungen überhaupt bestehen; — sie wird nicht
