1444 2597
703 227 785 274 140
210 316 1269 364 reren Tonarten, sowie die Modulation, welche während
210 371 1260 422 der Auflösung selbst geschehen kann, eine Vielheit mög¬
212 427 1274 469 licher Entfaltungen, die in ihrer Verzweigung, auch wenn
205 489 1267 523 eine Classification versucht würde, keine übersichtliche
212 532 1256 580 Anschauung gewähren könnte. Wenn wir aus der Kennt¬
206 580 1259 624 niss des Körperbaues und der Muskelfunctionen jede Be¬
210 635 1268 683 wegung der einzelnen Gliedmassen erklären können, so
211 692 1267 731 werden wir uns dabei begnügen, und es wird uns nicht
207 739 1261 786 in den Sinn kommen, für den Ausdruck einer Reihe wech¬
210 795 1228 843 selnder Actionen eine Bewegungsformel finden zu wollen.
289 844 1258 891 Es sind immer nur Dreiklänge nächster Verwandt¬
213 900 1271 946 schaft, die in einander übergehen, oder sich auseinander
209 956 1256 995 entwickeln: eine Dreiklangs-Metamorphose, nach densel¬
217 1003 1276 1052 ben Begriffsmomenten, aus denen der Dreiklang selbst
214 1059 1270 1107 hervorgegangen. Aber die Mannigfaltigkeit der möglichen
211 1109 1266 1163 Entwickelung und Weiterbildung ist unerschöpflich, und
210 1171 1271 1218 es wird, wenn wir nicht in das Unbestimmte gerathen
211 1220 1271 1260 wollen, eben so erforderlich sein, die besondere Erschein¬
213 1268 1259 1323 ung auch in ihrer eigenthümlichen Existenz zu betrachten,
209 1323 1272 1369 ihren Namen ihr zu geben oder zu lassen, als nur immer
210 1377 1276 1419 das Ganze, in welchem das Einzelne als Glied lebt, im
212 1428 1263 1474 Auge haben zu wollen, das doch eben erst durch das Zu¬
209 1484 1276 1531 sammenfassen seiner Theile wieder ein Ganzes ist; denn
205 1532 1279 1578 wie das Glied im Ganzen, so lebt auch das Ganze in seinen
212 1587 383 1634 Gliedern. —
341 1692 1135 1747 Chromatische Auflösung der Dissonanz.
296 1796 1271 1837 212. Wenn die Auflösung der Dissonanz für die Fort¬
208 1851 1266 1899 schreitung der dissonanten Töne überhaupt darin besteht,
203 1900 1269 1947 dass durch diatonisch-melodische Bewegung des einen
208 1963 1270 2004 oder anderen derselben, oder beider ein consonantes Ver¬
199 2004 1270 2052 hältniss, Terz, Quint oder Octav, in directer oder ver¬
202 2060 1275 2108 setzter Lage der Intervalle erlangt werde, so sind wir
