1444 2597
633 226 719 266 109
227 316 1207 359 160. Es ist die erste Reihe verbundener Septimen-
149 371 1206 419 harmonie, nach der Unterdominantseite in Terz-ver¬
147 419 799 483 wandten Dreiklängen fortschreitend:
228 811 1200 859 Die zweite, in Quint-verwandten Dreiklängen fort¬
139 867 351 913 schreitend:
224 1259 1196 1299 Die dritte, in Dreiklängen ohne directe Verwandt¬
138 1308 522 1355 schaft fortschreitend:
139 1676 1198 1730 letztere in der Folge 4—5 und 5—6 gegen die Dreiklangs¬
140 1747 636 1803 vermittlung sich erweisend.
227 1796 1210 1838 161. Zu übersichtlicher Anschauung mögen auch die
140 1858 1203 1899 entsprechenden Reihen verbundener Septimenharmonieen
139 1900 1207 1947 nach der Oberdominantseite hier Platz finden; die Folge¬
146 1956 907 2002 widrigkeit derselben ist schon besprochen.
228 2004 1202 2051 Es ist die erste, in Terz-verwandten Dreiklängen
146 2059 406 2108 fortschreitend:
