1444 2597
627 233 703 282 393
129 331 1193 384 drei- oder vierzeitig-gegliederte, und es werden in ihr,
131 380 1187 427 über den in gleicher Stärke betonten Gliedaccenten, die
138 435 1187 475 Accente der höheren Ordnungen sich geltend machen. Da¬
134 490 1183 539 mit heben sich besondere Momente der Reihe als haupt¬
134 539 1186 587 sächlich accentuirte, auch als hauptsächlich für die gebun¬
134 595 1193 635 dene Dissonanz geeignete Stellen hervor. So wird im drei¬
131 659 1191 699 zeitigen Metrum das zweite Glied gegen das erste, im
142 699 1186 747 vierzeitigen das dritte gegen das erste, das zweite gegen
133 748 1193 803 das dritte Glied an metrischem Gewichte immer gering
136 803 1191 850 erscheinen, das vierte aber hier, wie das dritte im drei¬
134 859 1183 900 zeitigen Metrum, — in der Formation an sich völlig accent¬
137 908 1198 954 los und nur allein synkopisch accentuirt, — wird gegen die
133 963 1187 1005 übrigen die schwächste Betonung haben, und daher vor
135 1012 1188 1059 ihnen am wenigsten geeignet sein, schwer betonte Disso¬
138 1069 1193 1115 nanzen aufzunehmen; ihm wird vorzugsweise eine von
134 1123 1192 1163 den Septimenharmonieen zugetheilt sein wollen, die auch
135 1171 1191 1219 auf der nicht-accentuirten Zeit ihre Stelle finden. Diess sind
132 1232 1187 1284 eben die Septimenaccorde des verwendeten Systemes, unter
138 1275 1193 1323 ihnen aber vornehmlich der eine ganz unzweideutige zum
133 1332 1189 1387 tonischen Schlusse führende Oberdominantseptimenaccord,
144 1380 1195 1427 und nächst diesem der Septimenaccord der Oberdomi¬
142 1436 299 1483 nantterz.
222 1491 1192 1532 36. In der verketteten Septimenfolge wird aber, im
133 1541 1185 1586 Sinne der Synkope, jede metrische Stelle sich der be¬
129 1599 1197 1644 tonten Dissonanz fügen können. Nur die Vorhaltsdissonanz
139 1644 1192 1691 kann in diese Versetzung aus der normal-accentuirten in
133 1708 1196 1755 die synkopisch-accentuirte Stelle nicht eingehen, da ihre
129 1748 1194 1797 Auflösung nothwendig in die normal-accentlose Stelle fal¬
139 1804 311 1851 len muss.
223 1860 1197 1898 37. Zu erinnern ist hierbei, dass die so oft genannte
136 1909 1186 1963 Bestimmung von erstem und zweitem metrischen Momente,
135 1964 1187 2004 da sie sich in jeder Ordnung wiederholt und ausser ihr
136 2012 1197 2059 eine andere nicht denkbar ist, auch in allen Ordnungen
138 2068 1200 2128 gewährt, was in Bezug auf Synkope und Dissonanzstellung
