1444 2597
698 224 784 276 147
207 323 1258 369 aus dem Intervalle D—a in die Quint C—G enthält, unzuläs¬
201 382 1265 427 sig finden werden. Der Unterschied von a und A würde auch
200 428 1266 476 fühlbar werden müssen, wenn wir die ersten vier Töne
200 470 1258 538 des Chorales „Ach Gott und Herr:” $$GRAPHIC erst mit der
209 548 1262 595 Grundharmonie $$GRAPHIC, und sodann mit der Harmonie
204 604 1257 651 $$GRAPHIC begleiten wollten. In der letzten wird die Cho¬
197 646 1259 713 ralmelodie $$GRAPHIC ihren Terzton a in den Quintton A
204 716 1261 764 verändern und die Intonation desselben wird für den Sänger
199 772 1273 818 eine anders bestimmte, höhere sein, als die Terzintonation
203 821 889 868 des Tones a zu dem Dreiklange F-a-C.
203 948 1265 1002 Septimen-Accorde, welche durch die Grenzverbindung
210 1004 1264 1060 des übergreifenden Tonartsystemes entstehen, und
239 1060 1214 1115 Septimen-Accorde mit übermässigem Dreiklange.
285 1156 1271 1203 220. Wir haben früher von einem Uebertreten, von
198 1204 1256 1250 einer Fortrückung des Tonartsystemes um ein Glied der
201 1267 1257 1307 Accordreihe gesprochen (54—62) und haben aus dersel¬
198 1315 1259 1371 ben nach der Oberdominantseite in der Durtonart sowohl,
202 1363 1264 1405 wie in der Molltonart, verständliche Grenzverbindungsdrei¬
196 1421 1259 1466 klänge hervorgehen sehen. Es veränderte sich dadurch das
193 1476 658 1526 System der C-Durtonart:
201 1619 512 1667 in die Formation
204 1771 919 1812 und aus dem Systeme der C-Molltonart:
199 1884 377 1932 entstand:
288 2011 1261 2059 221. Die aus diesem nach der Oberdominantseite über¬
192 2068 1262 2116 greifenden Systeme hervorgehenden Grenzverbindungsdrei¬
