1444 2597
651 241 731 284 113
251 340 1127 404 Septimenaccorde des in sich übergehenden
518 404 843 467 Tonartsystemes.
432 483 951 531 I. Dominant-Septimenaccord.
244 547 1223 587 167. Das Wesen der harmonischen Dissonanz haben
160 595 1205 651 wir in einem Widerspruche gefunden, in einer Doppel¬
161 652 1220 698 bestimmung, die durch den Zusammenklang zweier gegen
159 714 1220 747 einander dissonirender Töne in einem dritten entstanden
156 759 1217 802 ist. Es ist die gleichzeitige Bestimmung eines Tones zu
167 811 1221 851 Grundton und Quint, zu Grundton und Terz, oder zu Terz
169 860 1218 907 und Quint. Entschieden ist aber der Gegensatz nur in der
168 923 1216 963 ersten Bestimmung enthalten; denn die Terz ist, indem
166 964 1221 1011 sie ihrem Begriffe nach Grundton und Quint in sich ver¬
168 1020 1214 1067 bindet, nicht Gegensatz des einen oder anderen dieser bei¬
166 1070 1205 1115 den Dreiklangsmomente in ihrer Trennung, sondern viel¬
168 1130 1217 1172 mehr nur Gegensatz ihrer Trennung selbst. Daher war die
160 1180 1214 1218 vollständig befriedigende Auflösung des Septimenaccordes
165 1234 1221 1275 auch nicht durch einen der im Accorde enthaltenen Töne
161 1285 1227 1331 zu erlangen, in denen nur der unvollkommene Gegensatz
161 1333 1222 1380 der Terz mit dem einen oder anderen der anderen beiden
164 1387 1218 1435 Momente besteht, sondern es musste für das mittlere
168 1443 1225 1490 Intervall der Ton eintreten, in welchem beide dissonirende
167 1492 1219 1537 Töne die Doppelbestimmung von Grundton und Quint her¬
163 1548 331 1594 vorrufen.
246 1602 1217 1659 168. Diese Doppelbestimmung entschiedenen Gegen¬
164 1652 1222 1706 satzes wird in der Grundeinheit der Tonart selbst gesetzt,
164 1706 1225 1747 wenn ihre beiden Dominanten zugleich erklingen; denn es
164 1756 1229 1803 ist dann die Tonica zugleich Quint der Unterdominant und
164 1812 687 1859 Grundton der Oberdominant.
244 2019 1221 2076 Dies ist die Quintbeziehung dieser beiden Töne,
167 2077 1225 2123 welche sie im Grundtone haben, und die Spaltung dieses
