1444 2597
645 211 729 258 343
238 308 1213 348 159. Aber auch in der Accentbestimmung wird die
153 356 1202 403 rhythmisch-gegliederte Doppeldipodie die Natur der Te¬
153 412 1206 468 trapodie annehmen. Wir wissen, dass die Accentuirung
160 461 1208 507 des doppel-zweizeitigen und des vierzeitigen Metrums sich
155 515 1217 564 nur in der Betonung des zweiten Gliedes unterscheidet, das
155 572 1206 610 im vierzeitigen accentuirt ist, im doppel-zweizeitigen ac¬
154 620 1209 675 centlos bleibt; die rhythmisch-ungleichzeitige Gliederung
159 679 1203 732 ertheilt aber jeder Länge den Accent, der ihr als Doppel¬
157 731 1213 770 kürze zukommt, und so wird in jedem Falle auch das
151 776 1213 835 metrisch zweite, als solches accentlose Moment, rhythmisch
155 836 853 883 ein verhältnissmässig betontes werden.
240 883 1212 930 Die Doppeldipodie, welche ungegliedert auf der zwei¬
152 940 939 994 ten wie auf der vierten Zeit ohne Accent ist,
155 1116 1221 1162 wird als gegliederte auf beiden Momenten die rhythmische
161 1171 1212 1219 Betonung erhalten, hiermit aber, was den zweiten betrifft,
157 1220 968 1267 eben auch tetrapodisch accentuirt erscheinen.
240 1396 1209 1444 So kann der rhythmisch-gegliederte dipodische Tetra¬
152 1459 1221 1506 meter leicht in den tetrapodischen Dimeter übergehen, oder
158 1508 635 1556 als solcher gefasst werden.
243 1555 1216 1596 160. Die rhythmisch-negative Form der Gliedesglie¬
153 1610 1220 1666 derung, welche mit der Kürze beginnt, würde jambisch
151 1659 1221 1708 und anapästisch produciren, was in der vorstehenden
154 1718 1217 1771 Darstellung der positiven trochäisch und daktylisch
158 1771 752 1826 erscheint. Die trochäische Figur:
159 1948 837 2010 wandelt sich jambisch in diese um:
