1444 2597
631 220 718 267 315
144 316 1203 362 Betonung doch immer aus zeitlich gleichen Theilen be¬
141 372 1198 412 stehende; sie beruhen auf dem Gegensatze eines Ersten
141 427 1204 475 und Zweiten, in gerader oder umgekehrter Folge. Das
149 468 1203 521 Einfache kann sich doppelt oder halbirt setzen, so steht im
142 523 1204 571 Doppelten wie in den Hälften nur Gleiches dem Gleichen
143 589 1202 635 gegenüber, nicht der Theil dem Ganzen oder das Ganze
143 620 1202 674 seiner Verdopplung; überall ist der Unterschied nur in
145 684 1200 731 Accentuirtem und Nichtaccentuirtem gleicher Quantität ge¬
140 740 246 779 setzt.
228 787 1196 830 107. So ist die Horizontalsymmetrie im geregelt-Räum¬
138 844 1200 884 lichen: sie erfordert zu beiden Seiten sich gegenüber¬
145 891 1199 939 stehendes Gleiches, das Einfache bringt in dieser Gleich¬
144 947 1202 995 heitsbestimmung, räumlich wie zeitlich, Zweifaches, das
137 1003 1203 1044 Zweifache Vierfaches hervor, denn es setzt immer Dasselbe
141 1059 597 1107 sich selbst sich entgegen:
222 1260 1195 1307 Unsere metrisch-dreizeitige Formation enthält auch nur
143 1315 1198 1363 die Entgegensetzung gleicher Bestimmungen, und wenn wir
143 1371 1193 1411 sie in ihrem Begriffe uns räumlich vorstellen wollen, so
141 1419 1207 1462 wird sie nicht als eine symmetrische von zwei in sich un¬
131 1475 589 1531 gleich getheilten Hälften
134 1721 1204 1756 zu bezeichnen sein, sondern als eine horizontal-räumliche
140 1763 671 1810 Bestimmung mit zwei Mitten:
139 2008 1204 2059 was eben auch hier dem Quintbegriffe und in abstractem
135 2060 1201 2099 Sinne dem Dissonanzbegriffe einer Doppeleinheit wieder
