1444 2597
645 267 721 313 189
157 359 1210 404 der reinen Vocalmusik wird man der einzelnen Tonart
156 411 1214 459 einen besonderen Character nicht zuschreiben wollen; hier
162 461 1211 507 kann das Characteristische allein in ihrer Zusammenstell¬
161 515 1215 562 ung mit anderen Tonarten, in den verwandtschaftlichen
166 563 1207 610 Beziehungen, und sofern solche durch die Modulation her¬
161 620 621 675 vortreten, zu finden sein. —
249 668 1207 716 280. Die Aufeinanderfolge der Tonarten kann, eben
158 723 1211 770 wie die einzelne Tonfolge und die Accordfolge, nie auf
161 780 1216 819 andere als vermittelte Weise geschehen. Es kann einer
159 827 1215 875 Tonart die entfernteste folgen, aber nur insofern der
163 875 1212 922 Accord, aus welchem die Fortschreitung nach der neuen
157 932 1207 979 Tonart geschieht, entweder in dieser selbst auch schon
157 979 1212 1026 vorhanden ist, oder doch einer nächstverwandten dieser
162 1036 511 1091 neuen mit angehört.
243 1084 1202 1131 281. Der Uebergang aus dem tonischen C-Durdrei¬
156 1139 1217 1195 klange nach dem Des-Durdreiklange ist nur durch die
157 1188 1208 1236 Umdeutung des ersteren zum Oberdominantaccorde der
154 1244 1217 1298 F-Molltonart zu verständigen, wonach der Des-Durdreiklang
162 1292 1071 1339 als Accord der sechsten Stufe dieser Tonart eintritt.
237 1347 1212 1403 282. Wenn dem tonischen C-Durdreiklange der H-Dur¬
154 1395 1211 1451 dreiklang folgt, so geschieht im ersten eine Umdeutung
155 1459 1208 1507 zum Dreiklange der Unterdominantterz der E-Molltonart, in
162 1500 1215 1548 welcher der zweite Oberdominantaccord ist; der aber, wie
163 1559 1209 1595 wir wissen, als Durdreiklang an sich, ausser dieser noch
157 1603 1215 1651 vier andere Bedeutungen haben kann; denn wie er hier der
156 1652 1198 1699 E-Molltonart angehört, ebenso ist er auch in der E-Dur-,
159 1707 1200 1755 H-Dur- und Fis-Durtonart und in der Dis-Molltonart ent¬
153 1756 1216 1802 halten: in der ersten als V, in der zweiten als I, in der
157 1812 1212 1857 dritten als IV, in der vierten als VI; und wie der tonische
166 1859 1213 1905 C-Durdreiklang sich zum Dreiklange der sechsten Stufe der
155 1916 1217 1963 E-Molltonart bestimmte, um den H-Durdreiklang folgen zu
154 1963 1210 2011 lassen, so wird nun der H-Durdreiklang, der in Folge des
160 2020 1222 2067 vorigen als Oberdominant der E-Molltonart auftritt, diese
153 2068 1223 2115 Bestimmung auch wieder mit einer anderen vertauschen
