1444 2597
711 229 794 275 268
214 501 1266 555 was sogleich ein organisch-Unmögliches hervorgehen lässt:
216 548 1275 594 den G-Molldreiklang in einer Tonart, welche den C-Dur¬
220 603 1283 652 dreiklang enthält; — denn in der F-Durtonart würde der
218 659 1272 715 Dreiklang für den Grundton G nicht G-b-D, sondern G|B-d,
219 721 1281 771 mithin nicht ein Molldreiklang, sondern ein verminder¬
221 763 374 811 ter sein.
308 819 573 867 61. Die Form:
213 980 1276 1027 indem sie zwei positive Momente enthält, die in dem da¬
217 1036 1264 1084 zwischenliegenden relativen den Widerspruch, Vergan¬
215 1099 1284 1139 genes und Zukünftiges zu sein, entstehen lassen, muss
225 1139 1277 1187 die Verbindung ihrer Glieder zu der ihr Mittelmoment
224 1196 1276 1241 in-Eins-setzenden unmittelbaren Dreizeitigkeit aufgeben:
221 1246 1283 1298 es kann das mittlere Glied in seiner relativen Bedeutung
219 1300 1271 1355 nur dem einen oder anderen positiven zugewendet sein;
225 1355 1277 1403 entweder dem ersten 1—2|1, oder dem zweiten 1|2—1.
214 1407 1279 1451 Dort bleibt aber das zweite, hier das erste positive Mo¬
216 1459 1274 1507 ment vereinzelt stehen. Im ersten Falle wird nun das
217 1515 1279 1556 zweite eine Relation nach der Zukunft suchen, im zweiten
217 1565 1278 1611 Falle das erste eine Relation aus der Vergangenheit; in
213 1620 1277 1675 beiden wird aber doppel-zweizeitige Bildung entstehen,
218 1676 1284 1715 ein auseinandergesetztes Paar von Paaren, positiver oder
218 1724 511 1779 negativer Natur:
