1444 2597
663 226 744 267 225
176 315 1241 363 zen, als erster oder zweiter, seine Bedeutung; denn
175 371 1233 419 das metrische Ganze ist von seiner ersten Bestimmung an
179 419 991 467 ein ungetrennt-Doppeltes, eine Zwei-Einheit.
260 475 1235 523 8. Diese erste metrische Bestimmung ist das, was
170 532 1239 577 die Octav als harmonisches Intervall ist, die auch real
172 587 1223 633 nur eine Hälfte, in dieser Bedeutung aber eben das ist,
175 643 1228 691 was sich selbst — als andere Hälfte — sich entgegensetzt,
175 691 1233 732 und mit diesem, seinem ausser-sich-gesetzten Anderen
174 748 1229 795 zusammengenommen, erst dem Begriffe seiner selbst,
172 787 945 842 als Hälfte eines Ganzen, entsprechen kann.
483 915 929 968 II. Dreizeitiges. (Quint.)
263 1011 1228 1059 9. Wie zwei Schläge einen Zeitraum einschlies¬
178 1059 1232 1107 sen, einen zweiten bestimmen und dem ersten verbin¬
179 1115 1221 1163 den, so werden drei Schläge, die real nur zwei Zeit¬
169 1172 1231 1227 räume begrenzen, einen dritten als Nachklang des zwei¬
178 1220 1230 1267 ten folgen lassen. Indem aber dieser dritte Theil des
173 1276 1236 1322 nun zusammenzufassenden dreitheiligen Ganzen nicht zu
179 1323 1237 1371 den zwei vorangegangenen Theilen, sondern nur zu
178 1379 1238 1436 dem zweiten in einem Gleichheitsverhältnisse steht, und
177 1440 1229 1491 eben nur aus diesem als Nachklang entstanden ist, wie
181 1486 1228 1532 der zweite zuvor aus dem ersten entstanden war; so
172 1548 1232 1586 erhält dieses zweite Glied der dreitheiligen Einheit die
177 1595 1230 1635 doppelte Bedeutung, das Zweite eines Ersten, und das Erste
179 1649 1222 1699 eines Zweiten zu sein. In dieser letzten Bedeutung aber,
170 1699 1227 1747 indem es Erstes eines Zweiten wird, entzieht es sich der
179 1755 1228 1795 Verbindung mit dem ersten Gliede und lässt dieses verlas¬
173 1803 1235 1852 sen, vereinzelt stehen: es tritt in das erste Paar die
175 1858 1231 1907 Trennung der Einheit. Die Zwei-Einheit wird
175 1908 1233 1955 Zweiheit. Dieses, und der Widerspruch der Doppel¬
173 1964 1236 2010 bedeutung im zweiten Momente, ist das, was wir früher
177 2019 1021 2068 als das Wesen der Quint nachgewiesen haben.
