1444 2597
643 228 707 275 63
152 331 1222 372 zu ihrer sechsten Stufe aufsteigend A, zu ihrer siebenten
153 371 391 428 absteigend B.
232 424 1213 483 83. In Bezug auf die vorangegangene Erklärung wird
153 484 1211 530 die folgende Darstellung der melodischen Folge nach ihren
149 532 1223 580 harmonischen Bestimmungen einen Ueberblick gewähren
153 588 309 636 können:
251 1700 1220 1747 84. Die Molltonart ist zuweilen im Gegensatze der
160 1755 1219 1802 Durtonart, die man dann die „natürliche” nannte, eine
160 1819 1221 1859 „künstliche” Tonart genannt worden. Vorerst ist schwer
168 1860 1217 1907 einzusehen, was mit diesem Ausdrucke für die Bezeich¬
160 1925 1229 1955 nung eines Tonsystemes, das so unmittelbar im Gefühle
168 1964 1219 2018 wurzelt und in dem so viele Volksgesänge sich bewegen,
163 2028 1222 2076 gemeint sein soll; sodann ist aber auch das System der
169 2068 1235 2116 Durtonart eben so wenig ein natürlich gegebenes, als das
