<?xml version="1.0" encoding="UTF-8" standalone="yes"?>
<PcGts xmlns="http://schema.primaresearch.org/PAGE/gts/pagecontent/2013-07-15" xmlns:xsi="http://www.w3.org/2001/XMLSchema-instance" xsi:schemaLocation="http://schema.primaresearch.org/PAGE/gts/pagecontent/2013-07-15 http://schema.primaresearch.org/PAGE/gts/pagecontent/2013-07-15/pagecontent.xsd">
    <Metadata>
        <Creator>prov=University of Rostock/Institute of Mathematics/CITlab|PLANET AI GmbH/Gundram Leifert/gundram.leifert@planet-ai.de:name=ONB_Newseye_GT_M1+(htr_id=10810)::::v=2.6.7
prov=University of Rostock/Institute of Mathematics/CITlab|PLANET AI GmbH/Tobias Gruening/tobias.gruening@planet-ai.de:name=de.uros.citlab.module.baseline2polygon.B2PSeamMultiOriented:v=2.6.7
prov=University of Rostock/Institute of Mathematics/CITlab|PLANET AI GmbH/Tobias Gruening/tobias.gruening@planet-ai.de:name=/net_tf/LA73_249_0mod360.pb:de.uros.citlab.segmentation.CITlab_LA_ML:v=2.6.6
Transkribus</Creator>
        <Created>2021-02-02T15:22:37.635+01:00</Created>
        <LastChange>2021-09-02T14:57:49.954+02:00</LastChange>
        <TranskribusMetadata docId="764523" pageId="28719075" pageNr="198" tsid="63996916" status="DONE" userId="74363" imgUrl="https://files.transkribus.eu/Get?id=OIRQNJSAPCJRZRYCETGJSCCN&amp;fileType=view" xmlUrl="https://files.transkribus.eu/Get?id=HFETKBKVXCESCJZQNDZEOPCP" imageId="22439580"/>
    </Metadata>
    <Page imageFilename="Hauptmann1853-0207.jpg" imageWidth="1444" imageHeight="2597" type="content">
        <ReadingOrder>
            <OrderedGroup id="ro_1630595914687" caption="Regions reading order">
                <RegionRefIndexed index="0" regionRef="TextRegion_1612639015273_4829"/>
                <RegionRefIndexed index="1" regionRef="TextRegion_1612639015273_4828"/>
            </OrderedGroup>
        </ReadingOrder>
        <TextRegion orientation="0.0" type="page-number" id="TextRegion_1612639015273_4829" custom="readingOrder {index:0;} structure {type:page-number;}">
            <Coords points="192,193 1255,193 1255,250 192,250"/>
            <TextLine id="r1l1" custom="readingOrder {index:0;}">
                <Coords points="679,219 686,219 694,227 758,226 758,185 729,189 712,187 708,191 695,189 690,194 679,194"/>
                <Baseline points="686,218 719,218 752,218"/>
                <TextEquiv>
                    <Unicode>188</Unicode>
                </TextEquiv>
            </TextLine>
            <TextEquiv>
                <Unicode>188</Unicode>
            </TextEquiv>
        </TextRegion>
        <TextRegion orientation="0.0" id="TextRegion_1612639015273_4828" custom="readingOrder {index:1;} structure {type:paragraph-continued;}">
            <Coords points="192,250 1255,250 1255,2061 192,2061"/>
            <TextLine id="r1l2" custom="readingOrder {index:0;}">
                <Coords points="192,323 1239,323 1224,275 1137,299 1079,275 192,280"/>
                <Baseline points="199,311 250,311 302,311 354,311 405,311 457,311 509,311 560,311 612,311 664,311 716,311 767,312 819,312 871,312 922,312 974,312 1026,312 1077,311 1129,311 1181,311 1233,311"/>
                <TextEquiv>
                    <Unicode>scheidet, gegen diese auch selbst als eine vertiefte, ruhi¬</Unicode>
                </TextEquiv>
            </TextLine>
            <TextLine id="r1l3" custom="readingOrder {index:1;}">
                <Coords points="189,379 1253,370 1253,341 1174,328 189,341"/>
                <Baseline points="195,362 247,361 300,361 352,361 405,361 457,362 510,362 562,362 615,362 667,363 720,363 773,363 825,363 878,364 930,364 983,364 1035,364 1088,364 1140,364 1193,364 1246,363"/>
                <TextEquiv>
                    <Unicode>gere, weniger gespannte erscheinen. Hierin ist auch allein</Unicode>
                </TextEquiv>
            </TextLine>
            <TextLine id="r1l4" custom="readingOrder {index:2;} textStyle {offset:20; length:9;fontSize:0.0; kerning:0; letterSpaced:true;} m_tonality {offset:34; length:8;}">
                <Coords points="194,428 1249,435 1249,398 1183,380 194,380"/>
                <Baseline points="200,412 252,413 304,413 356,414 408,414 460,414 512,415 564,415 616,415 668,415 721,415 773,415 825,416 877,416 929,416 981,416 1033,416 1085,416 1137,416 1189,416 1242,416"/>
                <TextEquiv>
                    <Unicode>der vielbesprochene Character der Tonarten zu suchen,</Unicode>
                </TextEquiv>
            </TextLine>
            <TextLine id="r1l5" custom="readingOrder {index:3;} textStyle {offset:48; length:9;fontSize:0.0; kerning:0; letterSpaced:true;}">
                <Coords points="189,475 1248,483 1248,445 1140,435 189,435"/>
                <Baseline points="196,465 248,466 300,466 352,467 405,467 457,467 509,467 562,467 614,467 666,467 719,467 771,467 823,467 875,467 928,467 980,467 1032,467 1085,467 1137,468 1189,468 1242,468"/>
                <TextEquiv>
                    <Unicode>der allerdings vorhanden ist, aber eben nur ein relativer,</Unicode>
                </TextEquiv>
            </TextLine>
            <TextLine id="r1l6" custom="readingOrder {index:4;} textStyle {offset:5; length:9;fontSize:0.0; kerning:0; letterSpaced:true;} m_tonality {offset:32; length:6;}">
                <Coords points="195,532 1253,531 1253,493 1200,484 1111,507 196,483"/>
                <Baseline points="202,516 254,517 306,518 358,519 410,519 463,520 515,520 567,520 619,520 671,520 724,520 776,520 828,520 880,520 932,520 985,520 1037,519 1089,520 1141,520 1193,520 1246,520"/>
                <TextEquiv>
                    <Unicode>kein absoluter für die einzelne Tonart sein kann, indem</Unicode>
                </TextEquiv>
            </TextLine>
            <TextLine id="r1l7" custom="readingOrder {index:5;} m_tonality {offset:28; length:6;}">
                <Coords points="186,579 1109,587 1253,578 1253,546 186,547"/>
                <Baseline points="192,570 244,571 297,571 350,571 402,571 455,571 508,571 560,571 613,571 666,571 719,571 771,571 824,571 877,571 929,571 982,571 1035,571 1087,571 1140,571 1193,571 1246,571"/>
                <TextEquiv>
                    <Unicode>an sich eine jede besondere Tonart in ihrem Organismus</Unicode>
                </TextEquiv>
            </TextLine>
            <TextLine id="r1l8" custom="readingOrder {index:6;}">
                <Coords points="192,643 1242,633 1242,599 1200,587 192,596"/>
                <Baseline points="199,622 250,623 302,623 354,624 406,624 458,624 510,625 561,624 613,624 665,624 717,624 769,624 821,623 873,623 924,623 976,623 1028,622 1080,622 1132,622 1184,622 1236,622"/>
                <TextEquiv>
                    <Unicode>ganz auf denselben Bedingungen wie die übrigen beruht.</Unicode>
                </TextEquiv>
            </TextLine>
            <TextLine id="r1l9" custom="readingOrder {index:7;} concept_mus {offset:11; length:16;}">
                <Coords points="189,683 1251,681 1241,643 189,644"/>
                <Baseline points="196,673 248,674 300,674 353,675 405,675 458,675 510,676 562,676 615,676 667,676 720,676 772,676 824,676 877,676 929,675 982,675 1034,675 1086,675 1139,675 1191,675 1244,675"/>
                <TextEquiv>
                    <Unicode>Da es eine absolute Tonhöhe nicht gibt, so kann auch</Unicode>
                </TextEquiv>
            </TextLine>
            <TextLine id="r1l10" custom="readingOrder {index:8;}">
                <Coords points="192,738 1255,737 1255,701 1119,692 192,701"/>
                <Baseline points="199,725 251,726 303,726 356,727 408,727 461,727 513,728 566,728 618,728 671,728 723,728 775,728 828,728 880,728 933,728 985,727 1038,727 1090,726 1143,725 1195,724 1248,723"/>
                <TextEquiv>
                    <Unicode>ebensowenig in dieser eine Bestimmung für den Character</Unicode>
                </TextEquiv>
            </TextLine>
            <TextLine id="r1l11" custom="readingOrder {index:9;} m_tonality {offset:4; length:8;} concept_mus {offset:25; length:6;} m_tonality {offset:39; length:11;}">
                <Coords points="195,787 1243,787 1243,746 195,753"/>
                <Baseline points="201,777 252,778 304,779 356,779 408,780 460,780 511,780 563,780 615,780 667,780 719,780 770,780 822,780 874,780 926,779 978,779 1029,779 1081,778 1133,778 1185,777 1237,777"/>
                <TextEquiv>
                    <Unicode>der Tonarten liegen. Ein Gesang in der C-Durtonart ist</Unicode>
                </TextEquiv>
            </TextLine>
            <TextLine id="r1l12" custom="readingOrder {index:10;} concept_mus {offset:28; length:7;} m_tonality {offset:43; length:11; continued:true;}">
                <Coords points="194,843 1244,835 1223,804 1124,796 194,803"/>
                <Baseline points="201,829 252,830 304,830 356,831 408,831 460,832 511,832 563,832 615,832 667,832 719,832 770,832 822,832 874,832 926,831 978,831 1029,831 1081,830 1133,830 1185,829 1237,829"/>
                <TextEquiv>
                    <Unicode>vollkommen gleich demselben Gesange in der Des-Durton¬</Unicode>
                </TextEquiv>
            </TextLine>
            <TextLine id="r1l13" custom="readingOrder {index:11;} m_tonality {offset:0; length:3; continued:true;} concept_mus {offset:26; length:7;} concept_mus {offset:47; length:8;}">
                <Coords points="197,890 1223,892 1248,851 197,857"/>
                <Baseline points="203,880 254,881 306,882 358,882 410,883 462,883 514,884 566,884 618,884 670,884 722,884 773,884 825,883 877,883 929,883 981,883 1033,883 1085,883 1137,883 1189,883 1241,883"/>
                <TextEquiv>
                    <Unicode>art, wenn letztere in der Tonhöhe der ersteren intonirt</Unicode>
                </TextEquiv>
            </TextLine>
            <TextLine id="r1l14" custom="readingOrder {index:12;}">
                <Coords points="193,942 1249,947 1249,909 1109,899 193,908"/>
                <Baseline points="199,932 251,933 303,934 355,934 407,935 460,935 512,936 564,936 616,936 668,936 721,936 773,935 825,935 877,935 929,935 982,935 1034,935 1086,935 1138,935 1190,935 1243,935"/>
                <TextEquiv>
                    <Unicode>wird; denn es ist in ihrem Wesen die eine vollkommen</Unicode>
                </TextEquiv>
            </TextLine>
            <TextLine id="r1l15" custom="readingOrder {index:13;} concept_mus {offset:29; length:12;}">
                <Coords points="199,1004 1167,988 1223,1011 1256,959 199,964"/>
                <Baseline points="206,987 258,987 310,987 362,987 414,987 466,988 518,988 571,988 623,988 675,988 727,988 779,988 831,988 883,988 936,988 988,988 1040,988 1092,988 1144,988 1196,988 1249,988"/>
                <TextEquiv>
                    <Unicode>gleich der anderen. In ihrem Verhältnisse zu einander liegt</Unicode>
                </TextEquiv>
            </TextLine>
            <TextLine id="r1l16" custom="readingOrder {index:14;} m_tonality {offset:48; length:8; continued:true;}">
                <Coords points="188,1047 1237,1044 1237,1015 1185,1003 929,1003 901,1029 188,1013"/>
                <Baseline points="195,1037 246,1038 298,1038 350,1039 402,1039 454,1039 505,1040 557,1040 609,1040 661,1041 713,1041 764,1041 816,1041 868,1041 920,1041 972,1040 1023,1040 1075,1039 1127,1039 1179,1038 1231,1037"/>
                <TextEquiv>
                    <Unicode>aber die characteristische Bestimmung, dass die Des-Dur¬</Unicode>
                </TextEquiv>
            </TextLine>
            <TextLine id="r1l17" custom="readingOrder {index:15;} m_tonality {offset:0; length:6; continued:true;} m_note {offset:11; length:8;} m_tonality {offset:24; length:11;} m_interval {offset:40; length:16;}">
                <Coords points="189,1096 1244,1114 1244,1073 1180,1060 189,1063"/>
                <Baseline points="196,1089 248,1090 300,1090 352,1091 404,1091 456,1092 508,1092 560,1092 612,1092 664,1092 717,1092 769,1092 821,1092 873,1092 925,1092 977,1092 1029,1092 1081,1092 1133,1092 1185,1092 1238,1092"/>
                <TextEquiv>
                    <Unicode>tonart den Grundton der C-Durtonart als Oberdominantterz,</Unicode>
                </TextEquiv>
            </TextLine>
            <TextLine id="r1l18" custom="readingOrder {index:16;} m_note {offset:4; length:7;} m_note {offset:17; length:21;} concept_mus {offset:50; length:8;}">
                <Coords points="195,1155 1245,1155 1245,1115 195,1116"/>
                <Baseline points="202,1142 253,1143 305,1144 357,1144 409,1144 461,1145 512,1145 564,1145 616,1145 668,1145 720,1145 771,1145 823,1145 875,1145 927,1145 979,1145 1030,1145 1082,1145 1134,1144 1186,1144 1238,1144"/>
                <TextEquiv>
                    <Unicode>als Leitton, den Unterdominantgrundton dieser als tonische</Unicode>
                </TextEquiv>
            </TextLine>
            <TextLine id="r1l19" custom="readingOrder {index:17;} m_interval {offset:0; length:4;} concept_mus {offset:29; length:10;} m_note {offset:44; length:9;}">
                <Coords points="188,1199 1249,1203 1249,1170 1195,1163 189,1164"/>
                <Baseline points="195,1191 247,1193 299,1194 352,1195 404,1195 456,1196 509,1197 561,1197 613,1197 666,1197 718,1197 770,1197 823,1197 875,1197 927,1197 980,1197 1032,1197 1084,1197 1137,1197 1189,1197 1242,1197"/>
                <TextEquiv>
                    <Unicode>Terz enthält; dass durch die Umwandlung der Grundtöne</Unicode>
                </TextEquiv>
            </TextLine>
            <TextLine id="r1l20" custom="readingOrder {index:18;} concept_mus {offset:7; length:13;} m_tonality {offset:46; length:11;}">
                <Coords points="194,1260 1252,1259 1252,1218 194,1212"/>
                <Baseline points="200,1247 252,1247 304,1247 356,1248 409,1248 461,1248 513,1248 565,1248 618,1249 670,1249 722,1249 774,1249 827,1249 879,1249 931,1249 983,1249 1036,1249 1088,1249 1140,1249 1192,1249 1245,1249"/>
                <TextEquiv>
                    <Unicode>in die Terzbedeutung alle anderen Momente der C-Durtonart</Unicode>
                </TextEquiv>
            </TextLine>
            <TextLine id="r1l21" custom="readingOrder {index:19;} concept_mus {offset:9; length:18;} concept_mus {offset:28; length:20;}">
                <Coords points="195,1307 1238,1314 1238,1277 1121,1267 195,1277"/>
                <Baseline points="201,1299 252,1299 304,1299 355,1299 407,1299 458,1300 510,1300 561,1300 613,1300 664,1300 716,1301 768,1301 819,1301 871,1301 922,1301 974,1301 1025,1301 1077,1300 1128,1300 1180,1299 1232,1299"/>
                <TextEquiv>
                    <Unicode>nach der Unterdominantseite chromatisch vertieft sich wen¬</Unicode>
                </TextEquiv>
            </TextLine>
            <TextLine id="r1l22" custom="readingOrder {index:20;} concept_mus {offset:16; length:6;} m_tonality {offset:49; length:9; continued:true;}">
                <Coords points="194,1363 1248,1353 1248,1329 1111,1316 604,1344 550,1316 194,1322"/>
                <Baseline points="200,1349 252,1350 304,1350 356,1351 408,1352 460,1352 512,1352 564,1353 616,1353 668,1353 720,1353 772,1353 824,1353 876,1353 928,1353 980,1353 1032,1353 1084,1352 1136,1352 1188,1352 1241,1351"/>
                <TextEquiv>
                    <Unicode>den, nach einer Region, aus deren Standpunct die C-Durton¬</Unicode>
                </TextEquiv>
            </TextLine>
            <TextLine id="r1l23" custom="readingOrder {index:21;} m_tonality {offset:0; length:3; continued:true;}">
                <Coords points="192,1412 1240,1419 1240,1380 1056,1371 192,1381"/>
                <Baseline points="199,1402 250,1403 302,1403 354,1403 406,1404 457,1404 509,1404 561,1404 613,1404 664,1404 716,1404 768,1405 820,1405 871,1405 923,1405 975,1405 1027,1405 1078,1405 1130,1405 1182,1405 1234,1405"/>
                <TextEquiv>
                    <Unicode>art selbst als eine gesteigerte, gespannte erscheinen muss.</Unicode>
                </TextEquiv>
            </TextLine>
            <TextLine id="r1l24" custom="readingOrder {index:22;} m_tonality {offset:51; length:4; continued:true;}">
                <Coords points="190,1467 1245,1458 1175,1420 190,1419"/>
                <Baseline points="197,1454 249,1455 301,1455 353,1455 405,1455 457,1455 509,1456 561,1456 613,1456 665,1457 717,1457 769,1457 821,1457 873,1457 925,1457 977,1457 1029,1457 1081,1457 1133,1456 1185,1456 1238,1455"/>
                <TextEquiv>
                    <Unicode>Denselben Character des Unterschiedes zwischen der Des-</Unicode>
                </TextEquiv>
            </TextLine>
            <TextLine id="r1l25" custom="readingOrder {index:23;} m_tonality {offset:0; length:9; continued:true;} m_tonality {offset:18; length:11;} m_tonality {offset:49; length:6; continued:true;}">
                <Coords points="187,1516 1242,1514 1183,1475 187,1476"/>
                <Baseline points="193,1507 245,1507 297,1507 349,1507 401,1507 453,1507 505,1507 558,1508 610,1508 662,1508 714,1508 766,1509 818,1509 870,1509 923,1509 975,1509 1027,1509 1079,1509 1131,1508 1183,1508 1236,1507"/>
                <TextEquiv>
                    <Unicode>Durtonart und der C-Durtonart wird aber auch die D-Dur¬</Unicode>
                </TextEquiv>
            </TextLine>
            <TextLine id="r1l26" custom="readingOrder {index:24;} m_tonality {offset:0; length:6; continued:true;} m_tonality {offset:17; length:13;}">
                <Coords points="194,1571 1249,1571 1249,1538 1159,1524 194,1531"/>
                <Baseline points="200,1558 252,1559 304,1559 356,1560 408,1560 460,1560 512,1560 564,1561 616,1561 668,1561 721,1561 773,1561 825,1561 877,1561 929,1561 981,1561 1033,1561 1085,1561 1137,1561 1189,1560 1242,1560"/>
                <TextEquiv>
                    <Unicode>tonart gegen die Cis-Durtonart hervortreten lassen, — ebenso</Unicode>
                </TextEquiv>
            </TextLine>
            <TextLine id="r1l27" custom="readingOrder {index:25;} m_tonality {offset:4; length:12;} m_tonality {offset:27; length:11;}">
                <Coords points="191,1620 1242,1627 1242,1589 1181,1579 191,1589"/>
                <Baseline points="198,1610 249,1611 301,1611 353,1612 405,1612 457,1613 509,1613 560,1613 612,1613 664,1613 716,1613 768,1613 820,1613 872,1613 923,1613 975,1613 1027,1613 1079,1613 1131,1613 1183,1613 1235,1614"/>
                <TextEquiv>
                    <Unicode>die Es-Durtonart gegen die D-Durtonart — keine aber einen</Unicode>
                </TextEquiv>
            </TextLine>
            <TextLine id="r1l28" custom="readingOrder {index:26;}">
                <Coords points="197,1683 1245,1674 1229,1644 1116,1634 197,1642"/>
                <Baseline points="203,1663 254,1664 306,1665 358,1665 410,1665 461,1666 513,1666 565,1666 617,1666 668,1666 720,1666 772,1666 824,1666 875,1666 927,1666 979,1666 1031,1666 1082,1666 1134,1666 1186,1666 1238,1666"/>
                <TextEquiv>
                    <Unicode>positiven Character für sich in Anspruch nehmen können.</Unicode>
                </TextEquiv>
            </TextLine>
            <TextLine id="r1l29" custom="readingOrder {index:27;} m_tonality {offset:49; length:4; continued:true;}">
                <Coords points="194,1723 1240,1730 1190,1684 194,1685"/>
                <Baseline points="201,1712 252,1713 304,1714 355,1715 407,1716 459,1716 510,1717 562,1717 613,1718 665,1718 717,1718 768,1719 820,1719 871,1719 923,1719 975,1719 1026,1719 1078,1719 1129,1718 1181,1718 1233,1718"/>
                <TextEquiv>
                    <Unicode>Eine eigenthümliche Färbung können die einzelnen Ton¬</Unicode>
                </TextEquiv>
            </TextLine>
            <TextLine id="r1l30" custom="readingOrder {index:28;} m_tonality {offset:0; length:5; continued:true;} concept_mus {offset:18; length:16;} concept_mus {offset:43; length:7;}">
                <Coords points="197,1779 1251,1779 1251,1731 877,1758 197,1740"/>
                <Baseline points="204,1767 256,1768 308,1768 360,1768 412,1769 464,1769 516,1769 568,1770 620,1770 672,1770 724,1770 776,1770 828,1770 880,1771 932,1771 984,1770 1036,1770 1088,1770 1140,1770 1192,1769 1244,1769"/>
                <TextEquiv>
                    <Unicode>arten zwar in der Orchesterwirkung, in den Saiten- und</Unicode>
                </TextEquiv>
            </TextLine>
            <TextLine id="r1l31" custom="readingOrder {index:29;} concept_mus {offset:0; length:16;}">
                <Coords points="199,1827 1255,1834 1255,1796 1184,1788 783,1812 199,1790"/>
                <Baseline points="205,1819 257,1819 309,1820 361,1820 413,1821 465,1821 517,1822 570,1822 622,1822 674,1822 726,1823 778,1823 830,1823 882,1823 935,1823 987,1823 1039,1823 1091,1823 1143,1822 1195,1822 1248,1822"/>
                <TextEquiv>
                    <Unicode>Blasinstrumenten noch erhalten, die aber, indem sie dann</Unicode>
                </TextEquiv>
            </TextLine>
            <TextLine id="r1l32" custom="readingOrder {index:30;} concept_phy {offset:51; length:4; continued:true;}">
                <Coords points="193,1884 1251,1873 1185,1843 193,1851"/>
                <Baseline points="200,1872 252,1872 304,1873 356,1873 408,1873 461,1873 513,1873 565,1874 617,1874 669,1874 722,1874 774,1875 826,1875 878,1875 930,1875 983,1875 1035,1874 1087,1874 1139,1874 1191,1873 1244,1873"/>
                <TextEquiv>
                    <Unicode>nur auf mechanischer Beschaffenheit und besonderen aku¬</Unicode>
                </TextEquiv>
            </TextLine>
            <TextLine id="r1l33" custom="readingOrder {index:31;} concept_phy {offset:0; length:20; continued:true;} concept_mus {offset:39; length:11;}">
                <Coords points="187,1934 1249,1931 1192,1891 187,1903"/>
                <Baseline points="194,1924 246,1924 298,1924 351,1924 403,1925 456,1925 508,1925 560,1925 613,1926 665,1926 718,1926 770,1926 822,1926 875,1926 927,1926 980,1926 1032,1926 1084,1926 1137,1925 1189,1925 1242,1924"/>
                <TextEquiv>
                    <Unicode>stischen Bedingungen der verschiedenen Instrumente be¬</Unicode>
                </TextEquiv>
            </TextLine>
            <TextLine id="r1l34" custom="readingOrder {index:32;} m_tonality {offset:34; length:8;}">
                <Coords points="194,1989 1252,1987 1252,1946 1207,1939 195,1955"/>
                <Baseline points="201,1977 253,1977 305,1977 357,1977 410,1977 462,1977 514,1977 566,1977 619,1977 671,1978 723,1978 775,1978 828,1978 880,1978 932,1979 984,1979 1037,1979 1089,1978 1141,1978 1193,1978 1246,1977"/>
                <TextEquiv>
                    <Unicode>ruhet, und nicht in der Natur der Tonarten selbst begründet</Unicode>
                </TextEquiv>
            </TextLine>
            <TextLine id="r1l35" custom="readingOrder {index:33;}">
                <Coords points="195,2035 1262,2041 1228,1996 195,1996"/>
                <Baseline points="202,2028 254,2029 307,2029 359,2029 412,2029 465,2029 517,2030 570,2030 623,2030 675,2030 728,2031 781,2031 833,2031 886,2031 939,2031 991,2031 1044,2031 1097,2031 1149,2031 1202,2031 1255,2030"/>
                <TextEquiv>
                    <Unicode>ist, hier nicht als wesentlich betrachtet werden kann. In</Unicode>
                </TextEquiv>
            </TextLine>
            <TextEquiv>
                <Unicode>scheidet, gegen diese auch selbst als eine vertiefte, ruhi¬&#13;
gere, weniger gespannte erscheinen. Hierin ist auch allein&#13;
der vielbesprochene Character der Tonarten zu suchen,&#13;
der allerdings vorhanden ist, aber eben nur ein relativer,&#13;
kein absoluter für die einzelne Tonart sein kann, indem&#13;
an sich eine jede besondere Tonart in ihrem Organismus&#13;
ganz auf denselben Bedingungen wie die übrigen beruht.&#13;
Da es eine absolute Tonhöhe nicht gibt, so kann auch&#13;
ebensowenig in dieser eine Bestimmung für den Character&#13;
der Tonarten liegen. Ein Gesang in der C-Durtonart ist&#13;
vollkommen gleich demselben Gesange in der Des-Durton¬&#13;
art, wenn letztere in der Tonhöhe der ersteren intonirt&#13;
wird; denn es ist in ihrem Wesen die eine vollkommen&#13;
gleich der anderen. In ihrem Verhältnisse zu einander liegt&#13;
aber die characteristische Bestimmung, dass die Des-Dur¬&#13;
tonart den Grundton der C-Durtonart als Oberdominantterz,&#13;
als Leitton, den Unterdominantgrundton dieser als tonische&#13;
Terz enthält; dass durch die Umwandlung der Grundtöne&#13;
in die Terzbedeutung alle anderen Momente der C-Durtonart&#13;
nach der Unterdominantseite chromatisch vertieft sich wen¬&#13;
den, nach einer Region, aus deren Standpunct die C-Durton¬&#13;
art selbst als eine gesteigerte, gespannte erscheinen muss.&#13;
Denselben Character des Unterschiedes zwischen der Des-&#13;
Durtonart und der C-Durtonart wird aber auch die D-Dur¬&#13;
tonart gegen die Cis-Durtonart hervortreten lassen, — ebenso&#13;
die Es-Durtonart gegen die D-Durtonart — keine aber einen&#13;
positiven Character für sich in Anspruch nehmen können.&#13;
Eine eigenthümliche Färbung können die einzelnen Ton¬&#13;
arten zwar in der Orchesterwirkung, in den Saiten- und&#13;
Blasinstrumenten noch erhalten, die aber, indem sie dann&#13;
nur auf mechanischer Beschaffenheit und besonderen aku¬&#13;
stischen Bedingungen der verschiedenen Instrumente be¬&#13;
ruhet, und nicht in der Natur der Tonarten selbst begründet&#13;
ist, hier nicht als wesentlich betrachtet werden kann. In</Unicode>
            </TextEquiv>
        </TextRegion>
    </Page>
</PcGts>
