1444 2597
692 251 777 292 162
197 350 1268 395 seines dissonirenden Intervalles, G-F...G-e, geschieht ohne
201 396 1257 451 an dem e der tiefsten Stimme ein Hinderniss zu finden,
205 451 1266 491 wie sie es an demselben Tone, in eine andere Stimme
203 499 595 555 gelegt, finden würde.
285 556 1263 603 241. Die über dem Basstone liegenden Accordstimmen
201 612 1261 667 wirken gegen diesen als eine harmonische Gesammtheit.
198 657 1260 716 Sie sind unter sich zu versetzen, ohne dass der Accord
201 721 1269 771 wesentlich dadurch verändert wird; dagegen ist es für
202 764 1267 811 die Wirkung von schlagendem Unterschiede, welcher Ton
203 820 1267 867 des Accordes der Bassstimme zugetheilt wird, ob es der
209 876 1261 932 Grundton, die Terz, die Quint oder die Septime ist, worü¬
207 924 1260 971 ber der Accord sich aufbauet, ob er Dreiklang, Sext¬
208 980 1265 1027 accord oder Quart-Sext-Accord, in der Septimenharmo¬
200 1035 1260 1076 nie Septimen-, Quint-Sext-, Terz-Quart- oder Secund-
204 1083 1260 1132 Accord ist. Ebenso ist auch eine Wiederholung der
201 1140 1260 1179 fortschreitenden Bassstimme in der Höhe, die Octavbe¬
210 1188 1260 1235 wegung mit dem Basse, nicht zulässig, wie sie zwi¬
202 1244 1257 1291 schen den anderen Stimmen als Verdopplung vorkom¬
202 1300 1258 1339 men kann, wie wir sie in der Orchester- und Cla¬
202 1347 1270 1394 viermusik häufig angewendet finden. Der Basston, auch
207 1404 1255 1450 wenn er nicht Grundton des Dreiklanges oder Septimenac¬
209 1459 1268 1499 cordes ist, bleibt immer die Basis für die Lage des Accor¬
202 1509 1264 1555 des. Die Fortschreitung des Basses in der Höhe wiederholen
207 1565 1270 1610 zu wollen, die Basis in der Mitte der Harmonie oder über
201 1611 1272 1659 derselben nochmals erklingen lassen zu wollen, würde
205 1675 1268 1724 eben, als ein in die Luft gebautes Fundament, etwas
206 1724 1276 1762 widersinniges, eine Verkehrtheit enthalten und aussprechen
204 1779 356 1820 müssen.
290 1827 1266 1884 242. Ein eben so Ungehöriges wird es aber auch sein,
204 1883 1266 1921 wenn die dem Basstone entgegenstehende Harmonie Wider¬
204 1939 1267 1987 sprüche, d. h. unauflösliche Dissonanz in sich enthalten
207 1987 1277 2036 sollte, wenn ein Ton dieser Harmonie in einer anderen
200 2043 1278 2084 Stimme vorgehalten, sonach zugleich dasein und nicht
203 2091 1282 2140 dasein sollte, wie er im Basse vorhanden und in einer
