1444 2597
688 210 778 254 122
191 308 1260 355 auf- und abwärts zu bewegen, das kann eben nur die
192 355 1259 397 Tendenz sein, die Tonart in ihren Grenzen zusam¬
196 405 1261 452 menzunehmen, sie als ein bestimmtes, abgeschlossenes
202 463 1261 507 Ganze fühlen zu lassen. Die Folge C-e-G...h-D-G enthält
196 522 1255 563 noch keine Bestimmung für die Tonart; eben so würde
189 574 1265 610 auch die Folge C-e-G...C-F-a die Tonart noch unbestimmt
200 620 1254 667 lassen. In der ersteren kann C-e-G oder h-D-G, in der
202 675 1255 715 letzteren C-e-G oder C-F-a tonischer Dreiklang sein, wir
197 723 1262 771 können C-e-G in jener als Unterdominantdreiklang, in
201 779 1255 819 dieser als Oberdominantdreiklang vernehmen, ebenso¬
208 828 1257 875 wohl, wie als tonischen. Wenn eine Bestimmtheit der Ton¬
202 885 1255 931 art ausgesprochen, wenn C-e-G durch einen anderen Ac¬
206 945 1262 987 cord zu einer tonischen Mitte bestimmt werden soll, so
201 988 1260 1033 wird die Bewegung nicht nach einer der Dominantseiten
202 1051 1242 1091 allein zu führen sein, sie wird nach beiden zugleich ge¬
201 1092 1266 1139 führt werden müssen: Anfang und Ende zeitlich mit
209 1148 1257 1195 der Mitte zu verbinden, in unmittelbarer Folge, dies
204 1196 1259 1244 ist die Bedeutung der Doppelbewegung für die tonische
202 1251 1256 1307 Terz, wenn sie gleichzeitig nach dem Unterdominant¬
202 1300 1261 1355 grundtone und der Oberdominantquint übergeht. Dies ge¬
197 1364 1265 1403 schieht aber in der Accordfolge C-e-G...h-D-F-G. Die
196 1412 1252 1449 Fortschreitung e..F hat die Tendenz nach der Unter¬
200 1460 1245 1507 dominantseite, die Fortschreitung e..D, nach der Ober¬
204 1516 1258 1563 dominantseite. Sie kann aber wirksam sein nach beiden
202 1568 1261 1611 Seiten mit gleicher Energie, oder mit überwiegender für
210 1619 1262 1666 die eine oder andere. In der Fortschreitung aus dem
201 1675 1259 1715 tonischen nach dem Unterdominantdreiklange entsteht die
204 1723 323 1779 Folge:
193 1907 1153 1952 in der nach dem Oberdominantdreiklange, die Folge:
