1444 2597
672 219 764 268 372
179 428 1172 470 Ihr Anderes ist Dasselbe in entgegengesetzter Ordnung:
269 616 1246 668 3. Auch die Harmonie hat im Begriffe der Folge ihr
185 667 1246 716 Positives und Relatives. Wir haben es ebenfalls mit I und
185 716 1234 771 II bezeichnet, als die Beziehung eines Dominantaccordes,
190 771 1244 812 — des Ober- oder Unterdominantdreiklanges, — zu sei¬
180 837 1250 882 nem tonischen Dreiklange: I — V, I — IV, Beides allgemein
185 876 943 923 unter obigem Ausdrucke: I — II begriffen.
275 929 1242 987 Das Andere, das Entgegengesetzte dieser Folgen ist
185 995 1239 1043 auch hier ihre Umkehrung: V — I, IV — I, unter dem all¬
185 1043 719 1091 gemeinen Ausdrucke: II — I.
276 1091 1226 1137 4. In der Verbindung des harmonischen mit dem me¬
185 1140 1242 1187 trischen, also im harmonisch-metrischen oder metrisch-
186 1195 1228 1243 harmonischen Begriffe, wird sich, wie bei jeder doppel¬
185 1251 1240 1307 zweifachen Combination, eine vierfach mögliche Beziehung
196 1300 1245 1347 der harmonischen zur metrischen Bestimmung ergeben:
189 1363 1249 1411 A. a) das harmonisch-Positive im metrisch-Positiven; b) das
186 1405 1248 1451 harmonisch-Positive im metrisch-Negativen; B. a) das har¬
182 1460 1230 1506 monisch-Negative im metrisch-Positiven; b) das harmo¬
185 1515 888 1562 nisch-Negative im metrisch-Negativen:
268 1852 1236 1895 5. Es sind die Stellungen, in welchen das harmonisch-
189 1907 1237 1946 Positive metrisch-negative Geltung erhält, einer vernünfti¬
190 1955 1244 2011 gen Bedeutung nicht widersprechend: sie haben den Sinn,
189 2011 1244 2050 dass etwas harmonisch-Beziehendes etwas metrisch-Bezo¬
188 2067 1257 2116 genes wird; dass ein harmonisches Haben sich als ein
