1444 2597
646 241 727 283 339
244 331 1220 386 153. Sonach wird die metrisch-zweizeitige Einheit
158 388 1210 433 sich rhythmisch gliedern können, nach den Momenten der
150 436 683 500 ungleichzeitigen Bestimmung,
233 1292 1211 1332 154. Hierbei ist der Unterschied positiver und nega¬
151 1347 1197 1391 tiver Beschaffenheit allein für die rhythmische Bestimm¬
146 1411 1201 1450 ung gesetzt, die metrische nur positiv angenommen;
145 1452 1197 1493 daher der Spondeus in beiden Formen derselbe, ein sin¬
154 1507 380 1548 kender ist
145 1634 1216 1682 die metrisch-negative Bestimmung wird den Accent auf
151 1691 1206 1731 das zweite Glied des Spondeen fallen, ihn zum steigen¬
147 1739 505 1788 den werden lassen
147 1868 1201 1912 wonach auch der Hauptaccent der rhythmisch-geglie¬
144 1923 1204 1969 derten Formationen auf dem metrisch zweiten Hauptmo¬
143 1987 712 2019 mente seine Stelle finden muss.
232 2028 1214 2074 155. In metrisch-negativer Bedeutung werden die
142 2084 1037 2130 obigen rhythmischen Bestimmungen folgende sein:
