1444 2597
641 235 695 276 47
138 324 1202 379 gengesetzten wieder verlieren müssen, und behält dann zu
147 379 1201 427 seinem Inbegriffe immer nur den Inhalt von drei aneinander
137 434 1198 475 liegenden Dreiklangsformationen. Es wird aber auch durch
142 492 1201 532 eine solche Verrückung in das nächste Glied der Reihe nach
140 541 1197 587 der einen oder andern Seite die bestehende Tonart noch nicht
144 595 1197 635 aufgehoben, denn es bleibt auf der entgegengesetzten Seite
138 644 1192 690 noch eine Dominant-Bestimmung stehen. Wenn der Ueber¬
143 699 1204 740 tritt nach der Unterdominantseite geschehen, bleibt die Terz
140 751 1203 795 der Oberdominant, wenn sie nach der Seite der Oberdo¬
145 810 1195 851 minant geschieht, die Terz der Unterdominant, welche eine
143 859 1204 916 oder andere die Tonica ihre Bestimmung als Hauptaccord
139 907 603 970 noch nicht aufgeben lässt.
226 964 1200 1011 55. Ein solches Fortrücken darf aber nicht als eine
138 1024 1184 1059 mechanische Procedur innerhalb der festgesetzten Accord¬
141 1068 1185 1123 progression betrachtet werden, es kann nur auf einer sin¬
148 1124 1196 1171 nigen, inneren Begründung beruhen. Die festgesetzte an
145 1171 1189 1219 sich bestimmte Accordprogression ist eben auch in Wirk¬
142 1228 1200 1284 lichkeit gar nicht vorhanden, sie stellt für die Anschauung
141 1292 1197 1336 gleichzeitig dar, was als vermittelte Folge nur successiv aus
144 1332 635 1379 einander hervorgehen kann.
232 1387 1192 1435 56. Wenn in die C-Durtonart der Ton fis, die Terz der
147 1444 1194 1483 Oberdominantquint eintritt, so spricht sich darin eine Ten¬
150 1492 1193 1538 denz nach der Oberdominantseite überhaupt aus, ein Verlan¬
147 1548 1196 1603 gen, den Oberdominantaccord tonische Bedeutung erhalten
143 1596 1197 1650 zu lassen. In eben dem Maasse als dies erstrebt wird, muss
145 1651 1192 1699 sich aber auch die Neigung zu der Unterdominantseite ver¬
145 1708 1194 1755 mindert haben; in demselben Grade als die Oberdominant¬
148 1755 1200 1803 seite hervortritt, wird die Unterdominantseite zurücktreten
143 1812 1195 1859 müssen: der Schwerpunkt des Gleichgewichtes zwischen
145 1859 1198 1908 Beiden wird sich der Seite zuwenden, nach welcher die
136 1916 676 1964 Tonart eine Hinneigung erhält.
228 1972 1004 2017 Wenn dieser Schwerpunkt in dem Systeme
135 2076 1196 2130 in der tonischen Terz, als der Mitte des mittelsten Accordes,
