1444 2597
676 235 768 275 103
186 323 1251 379 geschrittenes F, als eine nicht aus dem Grundtone des
180 389 1255 427 a-Molldreiklanges hergeleitete, unvermittelt eintretende
188 434 1237 482 Septime vernommen, was, wie im Vorstehenden gezeigt,
186 484 1246 532 als unorganisch, wieder unrichtig klingen muss. Somit
184 541 1238 595 sind für alle Fälle die Septimenformationen in abwärts,
185 595 1255 635 d. h. nach der Unterdominantseite liegende unverbundene
179 643 499 700 Dreiklänge, wie:
181 996 1244 1044 in dieser Form richtig klingend; die in aufwärts, nach
180 1060 1233 1107 der Oberdominantseite liegende unverbundene Dreiklänge,
186 1108 269 1147 wie:
182 1420 1241 1474 mit Ausnahme der ersteren, C-e-G...h-D-F-G, quinthaft,
184 1476 1119 1515 oder unvermittelt, mit einem Worte falsch klingend.
277 1548 1246 1585 154. Es ist aber damit, dass wir bei der nach¬
190 1602 1238 1644 schlagenden Septime nur allein die aus dem Grund¬
181 1651 1244 1699 tone melodisch abwärtstretende Bewegung, nicht aber
186 1707 1244 1747 die aufsteigend zu ihm herantretende der natürlichen
185 1756 1244 1803 Folge gemäss gefunden haben, bei der vorbereiteten
181 1819 1248 1856 aber das Hinzutreten des Grundtones auf beide Weisen
188 1860 1246 1907 in der Ordnung finden, die Erklärung jener Folgen, wo
180 1914 1247 1963 der Grundton des unteren Dreiklanges nicht aus der Quint
191 1964 1245 2012 des oberen hergeleitet sein kann, ihrem inneren Vor¬
185 2020 1244 2074 gange nach noch immer nicht gegeben: wir meinen die¬
181 2071 1247 2132 jenigen, welche, wie C-e-G...C-D-F-a, ein äusserliches
