1444 2597
734 243 791 283 32
236 332 1292 380 schiedenen Dingen vorhanden sein, wenn man sie in einen
230 387 1277 435 Begriff soll zusammenfassen, oder aus dem einen vermit¬
232 443 1278 491 telt und verständlich in das andere soll übergehen können;
225 503 1282 539 denn eben nur in der Veränderung, welche an etwas Blei¬
228 548 1290 603 bendem vorgeht, kann das Verständniss der Veränderung
233 603 1287 643 oder eines Ueberganges überhaupt enthalten sein: nicht
233 652 1293 699 darin, dass etwas Anderes anders oder verschieden sei von
228 716 1290 755 dem Einen, sondern darin, dass das Eine selbst Anderes
224 764 356 804 werde.
597 836 908 899 Moll-Dreiklang.
309 917 1284 963 31. Die Bestimmungen der Dreiklangsintervalle sind
224 972 1279 1026 bisher von einer positiven Einheit ausgehend gesetzt worden,
228 1034 1291 1075 von einem Grundtone, auf welchen sich die Quint und die
228 1084 1279 1138 Terz bezieht. Sie lassen sich auch in einem entgegengesetz¬
223 1131 1277 1178 ten Sinne denken. Wenn jenes sich so ausdrücken lässt:
234 1187 1283 1243 dass ein Ton Quint und Terz habe, so würde die entge¬
224 1245 1286 1299 gengesetzte Bedeutung darin bestehen: dass ein Ton Quint
233 1298 1282 1347 und Terz sei. Das Haben ist ein activer, das Sein
232 1347 1287 1395 ein passiver Zustand. Die Einheit, auf welche die bei¬
228 1396 1287 1443 den Bestimmungen in der zweiten Bedeutung sich bezie¬
224 1451 1287 1500 hen, ist eine leidende: im Gegensatz des Habens der
229 1507 1292 1555 ersten, ist die zweite ein Gehabt-werden. Jenes
222 1555 1289 1603 spricht sich im Durdreiklange, dieses im Molldrei¬
228 1612 460 1667 klange aus.
308 1667 1284 1715 In diesem letzteren ist das Terzverhältniss zwischen dem
232 1727 1272 1778 mittleren und dem oberen Tone enthalten, und die Vereini¬
225 1783 1274 1826 gung beider Accordintervalle findet somit nicht im Grund¬
221 1828 1287 1874 tone, sondern im Tone der Quint statt. Im Durdreiklange
220 1884 1279 1939 C-e-G ist C—G Quint, C-e Terz; im Molldreiklange a-C-e ist
222 1933 1279 1978 a—e Quint, C-e Terz. Da aber im letzteren für beide Be¬
225 1988 1283 2035 stimmungen das gemeinschaftliche Moment im Tone der
216 2052 1273 2100 Quint enthalten ist, so wird dieser als ein doppelt Be¬
215 2100 1285 2139 stimmtes negativ als doppelt Bestimmendes betrachtet
