1444 2597
702 220 793 267 378
301 315 1284 355 Die Auflösung des Vorhaltes erfolgt, oder kann erfol¬
218 364 1274 419 gen, ohne Veränderung der Grundharmonie des Accordes,
220 420 901 467 in welchem er dissonant enthalten ist.
305 475 1285 522 Durch die Auflösung des Septimenaccordes wird noth¬
218 524 1078 572 wendig eine neue Grundharmonie herbeigeführt.
550 617 953 667 a) Im Vorhaltsaccorde.
303 683 1278 728 13. Der Uebergang aus einem Dreiklange in einen
225 740 1273 786 engverbundenen anderen lässt keinen Vorhaltsaccord ent¬
225 796 1271 835 stehen; dieser wird nur aus dem Uebergange in einen
217 844 1273 891 hauptsächlich nicht-verbundenen, in einen mehr getrenn¬
224 899 1278 940 ten als verbundenen Dreiklang resultiren können. Der Vor¬
228 952 1278 996 halt kann daher immer nur mit dem Auftreten eines von
217 1003 1277 1051 dem vorhergehenden wesentlich verschiedenen, eines in der
225 1059 1276 1107 Quint verwandten oder getrennten Dreiklange entstehen.
225 1108 1272 1157 Seine Auflösung geschieht aber wieder nicht in einer we¬
219 1156 1272 1203 sentlich anderen, sondern in der Grundharmonie des Vor¬
217 1212 1285 1266 haltsaccordes selbst. Damit ist nun schon die Bestimmung
232 1267 1279 1321 gegeben, dass diese Dissonanz ein metrisch-Erstes, ihre
222 1322 1282 1364 Auflösung ein metrisch-Zweites sein müsse, dass sie auf
218 1371 1278 1419 dem accentuirten, die Auflösung auf dem nicht-accentuirten
224 1427 1283 1473 Tacttheile stehen müsse; denn es ist mit der Dissonanz
217 1476 1274 1531 eine neue Harmonie aufgetreten, die sich bei der Auflösung
213 1532 1267 1585 nicht verändert, die hier nur ein nothwendig folgendes,
214 1587 1279 1642 zweites Moment nach sich zieht. Dissonanz und Auflösung
219 1637 1275 1690 gehören derselben Grundharmonie an und stehen somit
212 1699 1276 1750 auch in metrisch-positiver Einheit als Folge eines ersten
217 1740 1268 1787 und zweiten Gliedes derselben. Jeder Vorhalt hat die me¬
212 1796 1279 1840 trisch erste Stelle, dessen Auflösung die metrisch zweite.
539 1883 956 1939 b) Im Septimenaccorde.
316 1940 1169 1986 α) Im unverwendeten Tonartsysteme.
296 2002 1282 2050 14. Die Dissonanz des Septimenaccordes führt sich auf
208 2065 1284 2108 zwei verschiedene Weisen ein: sie ist entweder in der
