1444 2597
690 224 779 267 276
202 317 1273 371 gen, mit entgegengesetzt ineinanderliegenden Paaren, die
206 371 1271 419 Accente auf das erste und dritte, oder zweite und vierte
206 428 1258 467 Glied fallen, die dazwischenliegenden Glieder ohne Ac¬
209 475 1266 524 cent bleiben; das eine der accentuirten Glieder wird den
208 531 1268 579 Hauptaccent, das andere den Nebenaccent erhalten. Dies
202 587 1268 627 ist in den beiden metrischen Gattungen das Gleiche. Die
210 636 1267 683 Bedingungen aber, aus denen diese Aeusserungen als gleiche
204 692 1260 746 hervorgehen, sind im doppel-zweizeitigen Metrum vierfach,
211 747 1258 786 im vierzeitigen sechszehnfach verschieden. Durch negirende
211 796 1273 844 Momente reducirt sich das sechszehnfach Verschiedene auf
204 851 1267 897 das Vierfache. Die Bedingungen der Negation gehören aber
201 909 1266 962 hier nicht weniger zu der organischen Bestimmung im
206 963 1262 1012 vierzeitigen Metrum, wie die positiv in die Aeusserung
202 1011 1273 1053 übergehenden. Demnach sind eben auch diese mit den
204 1060 1267 1107 doppel-zweizeitigen übereinstimmenden Accentformen der
208 1115 1268 1162 Vierzeitigkeit vollständig in der folgenden Darstellung mit
205 1172 438 1211 aufzuführen.
207 1276 1256 1322 Zusammenfassende Darstellung aller Accentbestim¬
209 1346 1268 1395 mungen im zweizeitigen, doppel-zweizeitigen, drei-
486 1396 985 1443 und vierzeitigen Metrum.
289 1483 1160 1528 74. Es ergeben sich, nach dem bisher Gesagten
205 1539 1019 1595 für das zweizeitige Metrum . . . . zwei,
221 1588 1002 1643 „ „ doppel-zweizeitige . . . vier,
223 1643 1007 1698 „ „ dreizeitige . . . . . . . . acht,
226 1706 1269 1755 „ „ vierzeitige . . . . . . . . zweiunddreissig
210 1757 1270 1795 verschiedene Accentbestimmungen, von welchen letzteren
215 1804 1272 1851 die Hälfte der Anzahl mit denen der doppel-zweizeitigen
208 1866 1265 1898 zusammenfällt und in ihnen aufgeht, wonach sechszehn
214 1907 1260 1956 der Vierzeitigkeit eigenthümlich angehörende übrig bleiben.
207 1963 1265 2003 Somit stehen die Accentformen für die vier genannten Me¬
206 2012 1267 2066 tra ihrer Zahl nach im Verhältnisse von 2:4:8:16;
208 2067 1267 2116 oder 21:22:23:24. Wir wollen sie für eine zusammen¬
