1444 2597
670 243 740 291 37
169 341 1225 379 Mollaccord Anfang einer nach der Unterdominantseite un¬
169 402 1226 444 endlich sich fortsetzenden Molldreiklangsreihe, wie die
165 444 1224 499 positive, in welcher die Dreiklangs-Bestimmung vom
166 499 1228 540 Grundtone ausgeht, nach der Oberdominantseite in un¬
168 548 787 596 endlicher Durreihe sich fortsetzte.
249 604 385 651 39. In
161 763 1226 802 ist der positive Dreiklangsbegriff für die Einheit G gege¬
162 812 312 866 ben; in
157 924 1106 971 der negative Dreiklangsbegriff derselben Einheit G.
260 953 297 1015 In
158 1188 1094 1235 sind beide Bestimmungen vereint enthalten; und in
165 1403 1224 1443 ist die zweite Bestimmung, die Negation der ersten, positi¬
164 1459 1217 1505 ven, als Tonica gesetzt, als Hauptmoment einer Tonart,
165 1507 1220 1555 deren Inhalt sonach ist: der C-Molldreiklang, der zu seinem
160 1563 1218 1602 Unterdominantaccorde den F-Molldreiklang, zu seinem Ober¬
161 1612 1216 1660 dominantaccorde den G-Durdreiklang hat. Wir erkennen in
165 1667 1220 1715 dieser Formation die C-Molltonart in ihren natürlichen sich
162 1723 789 1780 selbst bestimmenden Bedingungen.
252 1772 1216 1819 40. Der Process dieser Formation stellt sie hier als eine
156 1828 1224 1873 zeitlich auseinander gelegte dar; sie ist aber, wie auch die
168 1883 1220 1924 der Durtonart, nur der concrete Ausdruck eines fixen
162 1936 1220 1979 Gedankens. Im Durtonart-Systeme ist dieser: dass I sich
166 1984 1221 2035 verändere in II; im Molltonart-Systeme: dass +I sich
161 2044 1207 2091 verändere in -I. Beide gehen von der positiven Einheit aus;
161 2092 1220 2139 der Begriff der Veränderung ist aber dort: dass das positiv
