1444 2597
724 259 790 307 76
222 356 1281 403 Septimenaccorde aufgetreten ist, wir vielmehr den so¬
222 418 1285 465 genannten Vorhalt darin erkennen werden, so sind doch
221 459 1289 507 schon die allgemein für alles Vorkommen des dissonirenden
222 516 1281 571 Zusammenklanges gültigen Bestimmungen darin enthalten,
226 563 1282 612 dass 1) eine Dissonanz immer nur aus einer Folge hervor¬
229 626 1285 675 gehen kann und 2), dass bei einer jeden das Verständniss
232 676 1282 715 des dissonirenden Intervalles nicht in dem unmittelbaren
230 724 1284 770 Verhältnisse der beiden dissonirend zu einander klingenden
233 779 1285 826 Töne, sondern in einem, ausser ihnen liegenden, durch
226 828 1290 875 ihren Zusammenklang zur Zweiheit bestimmten Momente zu
222 884 411 931 finden ist.
585 995 917 1059 Septimenaccord.
304 1099 1282 1147 110. Der Septimenaccord ist der Zusammenklang
221 1156 1285 1196 zweier durch ein gemeinschaftliches Intervall verbundener
223 1204 1289 1244 Dreiklänge. Er bildet sich durch den Uebergang aus dem
221 1252 1281 1299 einen in den andern, indem der erste mit dem zweiten
221 1307 526 1355 noch fortbesteht.
312 1355 1280 1404 111. Dem Hauptdreiklange sind nächstliegende, durch
223 1412 1282 1459 zwei Töne ihm verbundene, die beiden Molldreiklänge der
226 1467 1279 1514 Tonart. Der Uebergang aus dem tonischen C-Durdreiklange
230 1516 1278 1564 in den a-Molldreiklang, mit Beibehaltung des ersteren zu
227 1571 1277 1619 dem zweiten, wird den Septimenaccord a-C-e-G und zwar in
216 1627 1275 1675 der Terz-quint-sextlage C-e-G-a ergeben. Der Uebergang
218 1676 1278 1723 aus dem ersteren in den e-Molldreiklang, unter denselben
216 1731 1269 1772 Bedingungen, den Septimenaccord C-e-G-h, in der Secund-
221 1781 1274 1834 quart-sextlage h-C-e-G. Denn dort schreitet G nach a,
214 1835 551 1883 hier C nach h fort.
312 1891 1283 1947 Wir erhalten hier den Zusammenklang jeder dieser
216 1940 1272 1995 beiden Folgen in der Bedeutung der Accordfortschreitung,
218 1995 1281 2035 wie es vorher (108) in der Bedeutung der blos melodischen
216 2043 1276 2091 Tonfolge geschehen war. Dort, im Zusammenklange der
215 2092 1286 2139 Secund C—D, ist der Sinn der Dissonanz, dass G gleich¬
