1444 2597
644 252 726 299 175
152 459 1222 507 durch die Dreiklänge a-C-e-G-h vermittelt, nur durch dis
157 516 495 571 geschehen können.
239 571 1218 623 260. Wenn wir demnach den Oberdominantdreiklang
157 619 1214 667 der C-Durtonart, G-h-D, welcher auch tonischer der
161 675 1207 722 G-Durtonart ist, aus der ersten in diese letztere Bedeut¬
154 725 1214 771 ung wollen übergehen lassen, so kann es nur durch eine
157 779 1215 819 Verbindung des G-Durdreiklanges, durch eine Zusammen¬
156 836 1161 875 stellung desselben mit dem D-Durdreiklange geschehen:
160 1068 1221 1116 Ebenso wird der Unterdominantdreiklang der C-Durtonart,
158 1123 1228 1163 F-a-C, in die Bedeutung des tonischen in der F-Durtonart
162 1172 1219 1227 zu stehen kommen, wenn wir den Unterdominantdreiklang
161 1235 986 1283 dieser Tonart mit ihm in Verbindung bringen:
162 1460 1225 1499 Der als Molldreiklang der Oberdominantseite in der C-Dur¬
159 1508 1233 1555 tonart enthaltene e-Molldreiklang wird zum tonischen der
158 1564 1219 1608 E-Molltonart durch seine Stellung zu dem Oberdominant¬
166 1620 572 1659 accorde dieser Tonart:
164 1828 1231 1881 Der auf der Unterdominantseite liegende a-Molldreiklang
173 1876 1231 1928 wird zum tonischen der A-Molltonart, durch seine Stell¬
168 1939 1086 1980 ung zu dem Oberdominantaccorde dieser letzteren:
