1444 2597
362 593 1082 644 Harmonisch-metrische Bestimmung.
282 692 1250 731 1. Wenn zuerst der harmonisch-melodische Bildungs¬
206 747 1256 795 process an sich, dann der metrisch-rhythmische an sich
204 795 1254 843 betrachtet worden ist; so werden die beiden Doppelfactoren
196 852 1254 899 nun wieder zu verbinden sein zu concreter Einheit, wie
198 908 1256 947 sie in der Musik so ineinander bestehen, dass in einem
194 956 1254 1002 mehrstimmigen Satze ein jedes Moment der Harmonie auch
196 1018 1248 1059 seine Bedeutung als Moment der Melodie, wie auch als
198 1074 1253 1107 metrisches und rhythmisches Moment zugleich wird haben
190 1124 348 1162 müssen.
275 1170 1249 1211 Das melodisch-Rhythmische lässt aber eine abstract
190 1230 1240 1275 systematische Fassung nicht in der Weise und der Ausführ¬
189 1276 1255 1324 ung zu, wie das harmonisch-Metrische. An jenem würde
185 1339 1246 1387 in der unendlichen Mannigfaltigkeit möglicher Erscheinun¬
193 1380 1247 1435 gen nur immer das Allgemeinste, oder das Besonderste zu
193 1435 1236 1476 besprechen sein. In diesem ist das Besondere im Allgemei¬
185 1483 1251 1540 nen zu fassen, und es kann aus dem Ganzen die Erklärung
182 1540 826 1593 jedes Einzelnen hergeleitet werden.
269 1596 1242 1636 Das Folgende enthält nur harmonisch-metrische Un¬
189 1644 398 1699 tersuchung.
273 1699 1244 1747 Im Begriffe der Ton- oder Accordfolge liegt zwar ein
184 1756 1244 1794 zeitlicher Fortgang schon ausgesprochen; jedoch schlechthin
186 1804 1236 1859 nur in der Bedeutung des Nacheinanderseins überhaupt,
190 1860 1248 1907 ohne dass noch einer metrischen Bestimmung dabei gedacht
183 1908 478 1956 zu sein braucht.
275 1964 1243 2010 2. Die erste metrische Bestimmung ist aber die der
186 2011 1236 2059 Folge eines Ersten und Zweiten, eines Positiven und Rela¬
181 2068 1015 2114 tiven, des Accentuirten und Nichtaccentuirten:
