1444 2597
668 195 747 235 216
167 293 1228 331 noch fremd, wenigstens ungewöhnlich und selten vor¬
174 340 1172 387 kommend; — wie die Septimenharmonie überhaupt —
178 389 1232 443 die Dissonanz des alten Tonsatzes ist regelmässig der
168 444 1220 491 Vorhalt. Wo die obere Stimme die Leittonsfortschreit¬
171 500 1223 541 ung hat, da wird eine Mittelstimme aus der Oberdo¬
173 561 1231 595 minantquint gern nach der tonischen Terz fortschrei¬
182 612 1237 651 ten. Bei dieser Melodie der Oberstimme fehlt auch im
172 659 1235 702 alten Vocalsatze die Terz nicht, wenn der Tenor nicht
170 708 1231 755 durch den Cantus firmus, den er in vielen Fällen zu
176 764 1234 811 führen hat, bestimmt wird, mit dem Grundtone zu
175 820 1227 866 schliessen. In der Molltonart tritt noch ein anderes Mo¬
177 868 1230 915 tiv ein, auch die Mittelstimme nicht mit der Terz
174 932 1230 971 schliessen zu lassen. Es besteht nämlich zwischen der
177 980 1225 1020 Oberdominantquint und der tonischen Mollterz ein Leit¬
178 1027 1241 1076 tonsverhältniss; in der C-Molltonart z. B. würde zu
172 1083 1229 1129 den Accorden G...c eine solche Mittelstimme die Melo¬
174 1137 1237 1178 die D..es erhalten, die, an sich genommen, nicht einen
181 1187 1224 1235 Schluss in der C-Molltonart, sondern in die Es-Durton¬
178 1243 1236 1291 art, in die Tonart der Terz, ausdrückt. Um diesen zu
175 1306 1234 1339 vermeiden, wird die Mittelstimme auch hier lieber in den
181 1348 1243 1395 Grundton treten; oder sie ergreift anstatt der Mollterz
176 1408 1231 1443 die tonische Durterz. — So sehen wir den Schluss in
177 1452 1240 1499 den Mollsätzen alter Musik, wenn er nicht ohne Terz
172 1515 1239 1561 geschieht, immer mit dem Durdreiklange geschehen. Der
183 1563 1225 1610 Grund ist aber nicht darin zu suchen, dass der Moll¬
183 1611 1220 1659 dreiklang zu wenig consonant für einen Schlussaccord ge¬
178 1668 1235 1723 halten worden sei; er wollte sich nur eben, wenn die
173 1724 1228 1770 melodische Selbständigkeit der Stimme gewahrt sein soll,
178 1772 839 1819 auf natürliche Weise nicht einführen.
263 1827 1235 1871 318. Wenn im Dursatze die Oberdominantquint zu
179 1884 1231 1924 melodischer Schlussbestimmung nach dem tonischen Grund¬
174 1932 1240 1977 tone übergehen soll, in der Accordverbindung aber
168 1985 1238 2043 nach der tonischen Terz fortschreiten möchte, so kommt
177 2035 1247 2083 sie mit diesen beiden Forderungen in Zwiespalt. Sie
