1444 2597
696 229 777 281 352
203 337 1268 386 gewährt in der Verbindung mit ihm erst ein metrisch
199 387 1268 434 geordnetes und rhythmisch belebtes, in Form und Inhalt
204 437 944 482 vermitteltes und Eins gewordenes Gebild.
289 491 1261 531 172. Wenn alle daktylische Bewegung trochäischer
204 539 1261 587 Natur ist, so erklärt sich daraus auch die Zulässigkeit des
206 595 1267 642 Vorkommens von Trochäen in daktylischen Reihen, wie von
202 645 1253 691 Daktylen in trochäischen Reihen. Dagegen würde der Spon¬
208 700 1262 755 deus in Verbindung mit dem Daktylus wieder ungehörig
210 763 1259 812 erscheinen müssen: es steht aber die spondeïsche Wortform
205 803 1255 851 an solchen Stellen, welche als Dipodieen-verbindende zu be¬
198 861 1253 908 trachten sind, nicht in metrisch-spondeïscher Bedeutung;
207 914 1255 955 sondern sie vertritt dann eben den Trochäen mit der
200 963 1247 1009 betonten Kürze, der in trochäischer Reihe vor jedem Dak¬
205 1020 1259 1069 tylus, mithin an jeder Stelle mit Ausnahme der letzten
201 1067 950 1115 und vorletzten, wird Platz finden können.
285 1121 1261 1171 173. Alles was hier in Bezug auf den Unterschied
197 1180 1255 1219 einer spondeïsch- und trochäisch-daktylischen Form
201 1242 1254 1283 gesagt ist, würde auch auf die anapästische anzuwen¬
204 1285 1262 1331 den sein, die wir hiernach als spondeïsche und jambische
197 1331 621 1379 unterscheiden müssten.
449 1443 1001 1496 Die metrische Bezeichnung.
286 1541 1245 1594 174. Die gebräuchliche Art, das Versmetrum zu be¬
202 1588 1243 1643 zeichnen, wie sie für die rhythmischen Nüancen einer ge¬
197 1652 1261 1692 naueren Unterscheidung ermangelt, befasst sich auch nicht
200 1700 1251 1748 damit, über die innere metrische Beschaffenheit des Verses
197 1755 1251 1802 Aufschluss geben zu wollen; wir erhalten in der schema¬
204 1812 1257 1851 tischen Angabe nur den Nachweis der Aufeinanderfolge von
205 1860 1258 1908 langen und kurzen Sylben; an sich genommen nur das
201 1908 1029 1956 Oberflächliche, die Aussenseite des Versbaues.
290 1963 1265 2013 Abgesehen davon, dass sie Trochäen und Jamben mit
189 2020 1249 2074 betonter Kürze dem wirklichen Spondeen gleich bezeichnet,
199 2076 1259 2115 welcher eine trochäische oder jambische Dipodie ein¬
