1444 2597
714 236 802 275 350
226 334 1283 378 wird man immer das Bedürfniss eines weiteren Fortganges
228 384 1294 427 fühlen; oder es erscheint, also aufhörend, das Metrum als
224 434 1288 484 ein abgebrochenes, suspendirtes. Die daktylische Glie¬
225 492 1276 531 derung wird immer nur mit einem dem Daktylus nach¬
225 539 1288 587 folgenden nicht-daktylischen Gliede oder Gliedestheile
224 595 545 644 schliessen wollen.
309 644 1290 690 168. Daktylische Verse werden von den Metrikern
230 707 1283 748 monopodisch gemessen, d. h. es wird das Maass des Verses
222 758 1290 803 unmittelbar nach der Anzahl der Daktylen benannt, nicht
225 803 1277 850 nach daktylischen Dipodieen oder Tripodieen, wie die tro¬
221 856 1277 907 chäischen und jambischen Verse nach Dipodieen und Tri¬
221 921 1284 963 podieen gemessen werden. Wenn unter der daktylischen
228 964 1276 1011 Form nur die spondeïsch-daktylische verstanden werden
225 1018 1278 1067 soll, so könnte, insofern der wirkliche Spondeus an sich
220 1068 1280 1115 schon eine Dipodie in sich fasst, gegen diese Messung nichts
221 1123 1278 1168 einzuwenden sein, nur muss es auffallen, dass anapästi¬
220 1179 1284 1219 sche Verse dann nicht in gleicher Weise nach der Anzahl
228 1227 1280 1275 der Anapästen, sondern, wie die jambischen, dipodisch
221 1283 581 1339 gemessen werden. —
306 1340 1280 1395 169. Ob aber nicht alle daktylische Bewegung sprach¬
223 1389 1265 1436 metrisch im Grunde dem trochäischen Rhythmus angehöre,
221 1445 1284 1490 möchte wenigstens noch in Frage zu stellen sein. Nicht
225 1493 1286 1540 dass der gesprochene Daktylus allezeit sich genau im tro¬
212 1547 575 1596 chäischen Rhythmus
206 1707 1287 1749 bewegen müsste; diess wird er ebensowenig können, als
216 1771 812 1818 der streng spondeïsche Rhythmus
211 1923 1270 1970 für alle daktylischen Wortformen passend zu finden sein
210 1979 1277 2034 wird; es scheint aber, dass die rhythmische Belebung
211 2028 1270 2083 überhaupt erst im trochäischen Elemente ihre Entstehung
214 2083 1274 2123 habe und dass das spondeïsche dazu nur die metrische
