<?xml version="1.0" encoding="UTF-8" standalone="yes"?>
<PcGts xmlns="http://schema.primaresearch.org/PAGE/gts/pagecontent/2013-07-15" xmlns:xsi="http://www.w3.org/2001/XMLSchema-instance" xsi:schemaLocation="http://schema.primaresearch.org/PAGE/gts/pagecontent/2013-07-15 http://schema.primaresearch.org/PAGE/gts/pagecontent/2013-07-15/pagecontent.xsd">
    <Metadata>
        <Creator>prov=University of Rostock/Institute of Mathematics/CITlab|PLANET AI GmbH/Gundram Leifert/gundram.leifert@planet-ai.de:name=ONB_Newseye_GT_M1+(htr_id=10810)::::v=2.6.7
prov=University of Rostock/Institute of Mathematics/CITlab|PLANET AI GmbH/Tobias Gruening/tobias.gruening@planet-ai.de:name=de.uros.citlab.module.baseline2polygon.B2PSeamMultiOriented:v=2.6.7
prov=University of Rostock/Institute of Mathematics/CITlab|PLANET AI GmbH/Tobias Gruening/tobias.gruening@planet-ai.de:name=/net_tf/LA73_249_0mod360.pb:de.uros.citlab.segmentation.CITlab_LA_ML:v=2.6.6
Transkribus</Creator>
        <Created>2021-02-02T15:22:35.903+01:00</Created>
        <LastChange>2021-03-14T17:09:01.234+01:00</LastChange>
        <TranskribusMetadata docId="598856" pageId="23846652" pageNr="135" tsid="53670015" status="DONE" userId="74363" imgUrl="https://files.transkribus.eu/Get?id=JQEPKZFEHJPBTLOJENRTMLSG&amp;fileType=view" xmlUrl="https://files.transkribus.eu/Get?id=YNYCKLYZQTDUGKUHLWVAAXGP" imageId="18303118"/>
    </Metadata>
    <Page imageFilename="Hauptmann1853-0144.jpg" imageWidth="1444" imageHeight="2597" type="content">
        <ReadingOrder>
            <OrderedGroup id="ro_1624196702783" caption="Regions reading order">
                <RegionRefIndexed index="0" regionRef="TextRegion_1612564479577_1823"/>
                <RegionRefIndexed index="1" regionRef="TextRegion_1612564501466_1840"/>
                <RegionRefIndexed index="2" regionRef="TextRegion_1612564501466_1839"/>
                <RegionRefIndexed index="3" regionRef="TextRegion_1612564497635_1835"/>
                <RegionRefIndexed index="4" regionRef="TextRegion_1612564493804_1831"/>
            </OrderedGroup>
        </ReadingOrder>
        <TextRegion orientation="0.0" type="page-number" id="TextRegion_1612564479577_1823" custom="readingOrder {index:0;} structure {type:page-number;}">
            <Coords points="96,241 1200,241 1200,298 96,298"/>
            <TextLine id="r1l1" custom="readingOrder {index:0;}">
                <Coords points="615,264 622,265 631,275 646,280 651,275 659,281 665,278 667,281 672,277 683,280 704,265 712,266 713,245 704,245 695,236 665,234 652,238 637,236 627,245 616,244"/>
                <Baseline points="622,267 649,271 677,272 705,272"/>
                <TextEquiv>
                    <Unicode>125</Unicode>
                </TextEquiv>
            </TextLine>
            <TextEquiv>
                <Unicode>125</Unicode>
            </TextEquiv>
        </TextRegion>
        <TextRegion orientation="0.0" type="paragraph" id="TextRegion_1612564501466_1840" custom="readingOrder {index:1;} structure {type:paragraph;}">
            <Coords points="96,298 1200,298 1200,1172 96,1172"/>
            <TextLine id="r1l2" custom="readingOrder {index:0;} textStyle {offset:31; length:1;italic:true; fontSize:0.0; kerning:0;} textStyle {offset:37; length:1;italic:true; fontSize:0.0; kerning:0;}">
                <Coords points="213,368 1062,387 1168,379 1192,338 213,334"/>
                <Baseline points="220,364 268,363 316,363 364,363 412,363 461,363 509,363 557,364 605,364 653,364 702,365 750,365 798,365 846,366 894,366 943,366 991,366 1039,365 1087,365 1135,364 1184,363"/>
                <TextEquiv>
                    <Unicode>Indem diese Accorde zwei Töne, D und F, immer gemein¬</Unicode>
                </TextEquiv>
            </TextLine>
            <TextLine id="r1l3" custom="readingOrder {index:1;}">
                <Coords points="132,426 1198,428 1185,380 132,387"/>
                <Baseline points="139,417 191,416 244,416 296,416 349,416 402,416 454,416 507,416 559,416 612,416 665,417 717,417 770,417 822,417 875,417 928,418 980,418 1033,418 1085,418 1138,418 1191,418"/>
                <TextEquiv>
                    <Unicode>schaftlich enthalten, so werden in jedem Uebergange sich</Unicode>
                </TextEquiv>
            </TextLine>
            <TextLine id="r1l4" custom="readingOrder {index:2;}">
                <Coords points="135,484 1188,475 1128,435 135,443"/>
                <Baseline points="141,470 193,469 245,469 297,468 349,468 401,468 453,468 505,469 557,469 609,469 661,469 713,470 765,470 817,470 869,471 921,471 973,471 1025,471 1077,471 1129,471 1181,471"/>
                <TextEquiv>
                    <Unicode>nur eine oder zwei Stimmen, und wo sie zusammen fort¬</Unicode>
                </TextEquiv>
            </TextLine>
            <TextLine id="r1l5" custom="readingOrder {index:3;}">
                <Coords points="130,531 1178,527 1120,491 910,484 130,499"/>
                <Baseline points="137,521 188,521 240,522 292,522 343,522 395,522 447,522 498,522 550,522 602,522 654,522 705,522 757,522 809,523 860,523 912,523 964,524 1015,524 1067,525 1119,525 1171,526"/>
                <TextEquiv>
                    <Unicode>schreiten, in Sext- oder Terzparallele zu bewegen haben;</Unicode>
                </TextEquiv>
            </TextLine>
            <TextLine id="r1l6" custom="readingOrder {index:4;}">
                <Coords points="130,580 1197,587 1197,554 1140,539 130,546"/>
                <Baseline points="137,574 189,574 242,574 294,574 347,574 400,574 452,574 505,574 558,574 610,574 663,575 716,575 768,575 821,575 874,575 926,576 979,576 1032,576 1084,577 1137,577 1190,578"/>
                <TextEquiv>
                    <Unicode>die Stimmenfortschreitung an sich kann mithin der Folge</Unicode>
                </TextEquiv>
            </TextLine>
            <TextLine id="r1l7" custom="readingOrder {index:5;}">
                <Coords points="139,635 1195,637 1160,596 139,603"/>
                <Baseline points="145,626 197,626 249,627 301,627 353,627 405,627 457,628 510,628 562,628 614,628 666,628 718,628 770,628 822,628 875,628 927,628 979,628 1031,628 1083,629 1135,629 1188,630"/>
                <TextEquiv>
                    <Unicode>nicht entgegen sein. Das aufsteigende Hinzutreten der</Unicode>
                </TextEquiv>
            </TextLine>
            <TextLine id="r1l8" custom="readingOrder {index:6;}">
                <Coords points="133,693 1178,699 1187,655 133,647"/>
                <Baseline points="140,678 192,679 244,679 296,680 348,680 400,680 452,680 504,680 556,680 608,680 660,680 712,680 764,680 816,680 868,680 920,680 972,681 1024,681 1076,682 1128,683 1180,683"/>
                <TextEquiv>
                    <Unicode>Septime an den Grundton, wie es in den Folgen 1—2,</Unicode>
                </TextEquiv>
            </TextLine>
            <TextLine id="r1l9" custom="readingOrder {index:7;}">
                <Coords points="132,744 1189,747 1189,706 132,699"/>
                <Baseline points="139,730 191,730 243,731 295,731 347,732 399,732 451,732 504,732 556,733 608,733 660,733 712,733 764,733 816,733 869,733 921,733 973,733 1025,734 1077,734 1129,734 1182,734"/>
                <TextEquiv>
                    <Unicode>3—2 und 3—1 vorkommt, würde hinsichtlich dessen, was</Unicode>
                </TextEquiv>
            </TextLine>
            <TextLine id="r1l10" custom="readingOrder {index:8;}">
                <Coords points="89,786 1190,786 1167,756 89,757"/>
                <Baseline points="96,784 150,784 204,784 259,785 313,785 368,785 422,785 476,786 531,786 585,786 640,786 694,786 748,786 803,786 857,786 912,786 966,787 1020,787 1075,787 1129,787 1184,787"/>
                <TextEquiv>
                    <Unicode>über den Eintritt der Septime sich erwiesen hat, theoreti¬</Unicode>
                </TextEquiv>
            </TextLine>
            <TextLine id="r1l11" custom="readingOrder {index:9;}">
                <Coords points="135,851 1185,860 1185,817 1111,804 135,814"/>
                <Baseline points="142,838 193,838 245,838 297,838 349,838 401,838 452,838 504,838 556,838 608,838 660,838 711,838 763,839 815,839 867,839 919,839 970,840 1022,840 1074,840 1126,841 1178,841"/>
                <TextEquiv>
                    <Unicode>sches Bedenken erregen können; die Wirkung dieser Folgen,</Unicode>
                </TextEquiv>
            </TextLine>
            <TextLine id="r1l12" custom="readingOrder {index:10;}">
                <Coords points="140,899 1195,906 1195,861 140,868"/>
                <Baseline points="147,889 199,889 251,890 303,890 355,890 407,890 459,891 511,891 563,891 615,891 667,891 719,891 771,891 823,891 875,891 927,892 979,892 1031,892 1083,892 1135,892 1188,893"/>
                <TextEquiv>
                    <Unicode>wiewohl in 1—2 und 3—2 der Durtonart etwas herb, lässt</Unicode>
                </TextEquiv>
            </TextLine>
            <TextLine id="r1l13" custom="readingOrder {index:11;}">
                <Coords points="136,954 1197,955 1198,922 136,923"/>
                <Baseline points="143,944 195,944 247,944 300,944 352,944 404,944 457,944 509,944 561,944 614,944 666,944 718,944 771,944 823,944 875,945 928,945 980,945 1032,945 1085,946 1137,946 1190,946"/>
                <TextEquiv>
                    <Unicode>sie aber als richtige gelten, und es wird sich aus der Natur</Unicode>
                </TextEquiv>
            </TextLine>
            <TextLine id="r1l14" custom="readingOrder {index:12;} textStyle {offset:28; length:5;italic:true; fontSize:0.0; kerning:0;} textStyle {offset:38; length:6;italic:true; fontSize:0.0; kerning:0;}">
                <Coords points="139,1010 1190,1011 1190,970 1140,963 140,969"/>
                <Baseline points="146,996 197,996 249,996 301,996 353,996 405,996 457,996 508,996 560,996 612,996 664,996 716,996 768,997 820,997 871,997 923,997 975,997 1027,997 1079,998 1131,998 1183,998"/>
                <TextEquiv>
                    <Unicode>der verminderten Dreiklänge D|F-a und D|F-as auch ihre</Unicode>
                </TextEquiv>
            </TextLine>
            <TextLine id="r1l15" custom="readingOrder {index:13;}">
                <Coords points="133,1059 1154,1060 1200,1058 1200,1018 133,1021"/>
                <Baseline points="140,1049 192,1050 245,1050 297,1050 350,1050 403,1050 455,1050 508,1050 561,1049 613,1049 666,1049 719,1050 771,1050 824,1050 877,1050 929,1050 982,1050 1035,1050 1087,1050 1140,1051 1193,1051"/>
                <TextEquiv>
                    <Unicode>theoretische Rechtfertigung ergeben, wie der freie Hinzutritt</Unicode>
                </TextEquiv>
            </TextLine>
            <TextLine id="r1l16" custom="readingOrder {index:14;}">
                <Coords points="140,1115 1199,1113 1199,1076 1102,1068 140,1070"/>
                <Baseline points="147,1102 199,1102 251,1102 303,1102 356,1102 408,1102 460,1103 512,1103 565,1103 617,1103 669,1103 721,1103 774,1103 826,1103 878,1103 930,1103 983,1103 1035,1103 1087,1104 1139,1104 1192,1104"/>
                <TextEquiv>
                    <Unicode>der Dominantseptime sich aus der Natur des verminderten</Unicode>
                </TextEquiv>
            </TextLine>
            <TextLine id="r1l17" custom="readingOrder {index:15;} textStyle {offset:12; length:5;italic:true; fontSize:0.0; kerning:0;}">
                <Coords points="136,1165 280,1164 302,1179 320,1163 386,1158 429,1179 453,1156 505,1173 578,1162 578,1125 533,1116 497,1132 424,1120 382,1131 367,1118 348,1133 136,1124"/>
                <Baseline points="143,1155 168,1155 193,1155 218,1155 243,1155 269,1155 294,1155 319,1154 344,1154 370,1153 395,1153 420,1153 445,1153 471,1153 496,1153 521,1154 546,1155 572,1156"/>
                <TextEquiv>
                    <Unicode>Dreiklanges h-D|F ergibt.</Unicode>
                </TextEquiv>
            </TextLine>
            <TextEquiv>
                <Unicode>Indem diese Accorde zwei Töne, D und F, immer gemein¬&#13;
schaftlich enthalten, so werden in jedem Uebergange sich&#13;
nur eine oder zwei Stimmen, und wo sie zusammen fort¬&#13;
schreiten, in Sext- oder Terzparallele zu bewegen haben;&#13;
die Stimmenfortschreitung an sich kann mithin der Folge&#13;
nicht entgegen sein. Das aufsteigende Hinzutreten der&#13;
Septime an den Grundton, wie es in den Folgen 1—2,&#13;
3—2 und 3—1 vorkommt, würde hinsichtlich dessen, was&#13;
über den Eintritt der Septime sich erwiesen hat, theoreti¬&#13;
sches Bedenken erregen können; die Wirkung dieser Folgen,&#13;
wiewohl in 1—2 und 3—2 der Durtonart etwas herb, lässt&#13;
sie aber als richtige gelten, und es wird sich aus der Natur&#13;
der verminderten Dreiklänge D|F-a und D|F-as auch ihre&#13;
theoretische Rechtfertigung ergeben, wie der freie Hinzutritt&#13;
der Dominantseptime sich aus der Natur des verminderten&#13;
Dreiklanges h-D|F ergibt.</Unicode>
            </TextEquiv>
        </TextRegion>
        <TextRegion orientation="0.0" type="paragraph" id="TextRegion_1612564501466_1839" custom="readingOrder {index:2;} structure {type:paragraph;}">
            <Coords points="96,1172 1200,1172 1200,1380 96,1380"/>
            <TextLine id="r1l18" custom="readingOrder {index:0;}">
                <Coords points="222,1217 1170,1220 1186,1180 222,1173"/>
                <Baseline points="229,1206 276,1206 324,1207 371,1207 419,1207 466,1207 514,1207 561,1207 609,1207 656,1207 704,1207 751,1207 799,1207 846,1207 894,1207 941,1207 989,1208 1036,1208 1084,1209 1131,1209 1179,1210"/>
                <TextEquiv>
                    <Unicode>190. Bei der Folge 1—2 und 3—2 sehen wir in bei¬</Unicode>
                </TextEquiv>
            </TextLine>
            <TextLine id="r1l19" custom="readingOrder {index:1;} textStyle {offset:11; length:1;italic:true; fontSize:0.0; kerning:0;} textStyle {offset:18; length:1;italic:true; fontSize:0.0; kerning:0;} textStyle {offset:37; length:1;italic:true; fontSize:0.0; kerning:0;}">
                <Coords points="137,1274 1185,1287 1185,1234 137,1233"/>
                <Baseline points="144,1261 195,1261 247,1261 299,1261 350,1261 402,1261 454,1261 505,1261 557,1261 609,1261 661,1261 712,1261 764,1261 816,1261 867,1261 919,1261 971,1261 1022,1260 1074,1260 1126,1260 1178,1260"/>
                <TextEquiv>
                    <Unicode>den Reihen h nach C, dissonant gegen D, sich bewegen;</Unicode>
                </TextEquiv>
            </TextLine>
            <TextLine id="r1l20" custom="readingOrder {index:2;} textStyle {offset:39; length:1;italic:true; fontSize:0.0; kerning:0;} textStyle {offset:46; length:1;italic:true; fontSize:0.0; kerning:0;}">
                <Coords points="141,1323 1207,1317 1207,1289 986,1275 141,1283"/>
                <Baseline points="148,1314 200,1313 253,1313 305,1313 358,1313 411,1312 463,1312 516,1312 568,1313 621,1313 674,1313 726,1313 779,1313 831,1314 884,1314 937,1314 989,1315 1042,1315 1094,1315 1147,1315 1200,1315"/>
                <TextEquiv>
                    <Unicode>bei der Folge 3—1, in der ersten Reihe G nach a, in der</Unicode>
                </TextEquiv>
            </TextLine>
            <TextLine id="r1l21" custom="readingOrder {index:3;} textStyle {offset:13; length:2;italic:true; fontSize:0.0; kerning:0;} textStyle {offset:29; length:1;italic:true; fontSize:0.0; kerning:0;}">
                <Coords points="140,1379 823,1379 804,1339 684,1331 140,1341"/>
                <Baseline points="146,1367 179,1367 213,1366 246,1366 280,1366 313,1366 347,1366 380,1366 414,1366 447,1366 481,1366 514,1366 548,1366 581,1367 615,1367 648,1367 682,1367 715,1367 749,1367 782,1367 816,1367"/>
                <TextEquiv>
                    <Unicode>zweiten nach as dissonant zu h treten.</Unicode>
                </TextEquiv>
            </TextLine>
            <TextEquiv>
                <Unicode>190. Bei der Folge 1—2 und 3—2 sehen wir in bei¬&#13;
den Reihen h nach C, dissonant gegen D, sich bewegen;&#13;
bei der Folge 3—1, in der ersten Reihe G nach a, in der&#13;
zweiten nach as dissonant zu h treten.</Unicode>
            </TextEquiv>
        </TextRegion>
        <TextRegion orientation="0.0" type="paragraph" id="TextRegion_1612564497635_1835" custom="readingOrder {index:3;} structure {type:paragraph;}">
            <Coords points="96,1380 1200,1380 1200,1752 96,1752"/>
            <TextLine id="r1l22" custom="readingOrder {index:0;} textStyle {offset:32; length:7;italic:true; fontSize:0.0; kerning:0;}">
                <Coords points="224,1427 1202,1426 1202,1387 1065,1380 405,1409 224,1387"/>
                <Baseline points="231,1417 279,1418 327,1419 375,1419 424,1420 472,1420 520,1420 568,1420 617,1420 665,1420 713,1419 761,1419 810,1419 858,1419 906,1419 954,1419 1003,1419 1051,1419 1099,1420 1147,1420 1196,1421"/>
                <TextEquiv>
                    <Unicode>191. Am Dominantseptimenaccorde G-h-D|F hat</Unicode>
                </TextEquiv>
            </TextLine>
            <TextLine id="r1l23" custom="readingOrder {index:1;}">
                <Coords points="134,1481 1186,1479 1186,1453 1042,1435 134,1453"/>
                <Baseline points="141,1472 192,1472 244,1472 296,1472 348,1472 400,1472 452,1472 504,1472 556,1472 608,1472 660,1472 711,1471 763,1471 815,1471 867,1471 919,1472 971,1472 1023,1472 1075,1473 1127,1473 1179,1474"/>
                <TextEquiv>
                    <Unicode>sich die Rechtfertigung derselben Fortschreitung darin ge¬</Unicode>
                </TextEquiv>
            </TextLine>
            <TextLine id="r1l24" custom="readingOrder {index:2;} textStyle {offset:17; length:7;fontSize:0.0; kerning:0; letterSpaced:true;}">
                <Coords points="142,1538 1195,1538 1195,1499 1144,1492 142,1492"/>
                <Baseline points="149,1524 201,1525 253,1525 305,1525 357,1525 409,1525 461,1525 513,1525 565,1525 617,1525 669,1525 721,1524 773,1524 825,1524 877,1524 929,1524 981,1525 1033,1525 1085,1525 1137,1525 1189,1526"/>
                <TextEquiv>
                    <Unicode>funden, dass die Septime dieses Accordes, als ein dem</Unicode>
                </TextEquiv>
            </TextLine>
            <TextLine id="r1l25" custom="readingOrder {index:3;}">
                <Coords points="137,1587 954,1596 1167,1587 1195,1555 137,1556"/>
                <Baseline points="144,1578 196,1578 248,1578 300,1578 352,1578 405,1578 457,1578 509,1578 561,1578 613,1577 666,1577 718,1577 770,1577 822,1577 874,1577 927,1577 979,1577 1031,1576 1083,1576 1135,1576 1188,1576"/>
                <TextEquiv>
                    <Unicode>unter ihm liegenden Oberdominantdreiklange nicht ver¬</Unicode>
                </TextEquiv>
            </TextLine>
            <TextLine id="r1l26" custom="readingOrder {index:4;}">
                <Coords points="136,1644 871,1643 904,1618 991,1651 1199,1643 1175,1595 1127,1620 1103,1595 338,1620 136,1595"/>
                <Baseline points="143,1631 195,1631 248,1631 300,1631 353,1630 405,1630 458,1630 510,1630 563,1630 615,1630 668,1630 720,1630 773,1630 825,1630 878,1630 930,1630 983,1630 1035,1630 1088,1631 1140,1631 1193,1632"/>
                <TextEquiv>
                    <Unicode>bundener, nicht mit ihm verwachsener Ton, auch die</Unicode>
                </TextEquiv>
            </TextLine>
            <TextLine id="r1l27" custom="readingOrder {index:5;}">
                <Coords points="137,1692 1199,1692 1199,1651 137,1651"/>
                <Baseline points="144,1682 196,1683 248,1683 301,1684 353,1684 406,1684 458,1684 510,1684 563,1683 615,1683 668,1683 720,1683 772,1682 825,1682 877,1682 930,1682 982,1682 1034,1682 1087,1683 1139,1683 1192,1684"/>
                <TextEquiv>
                    <Unicode>Herleitung aus dem Grundtone dieses Dreiklanges nicht</Unicode>
                </TextEquiv>
            </TextLine>
            <TextLine id="r1l28" custom="readingOrder {index:6;}">
                <Coords points="141,1746 401,1746 401,1717 383,1708 311,1709 287,1700 238,1715 216,1700 202,1700 190,1712 141,1700"/>
                <Baseline points="148,1737 175,1736 202,1736 230,1736 257,1736 284,1736 312,1736 339,1736 366,1736 394,1736"/>
                <TextEquiv>
                    <Unicode>fordern könne.</Unicode>
                </TextEquiv>
            </TextLine>
            <TextEquiv>
                <Unicode>191. Am Dominantseptimenaccorde G-h-D|F hat&#13;
sich die Rechtfertigung derselben Fortschreitung darin ge¬&#13;
funden, dass die Septime dieses Accordes, als ein dem&#13;
unter ihm liegenden Oberdominantdreiklange nicht ver¬&#13;
bundener, nicht mit ihm verwachsener Ton, auch die&#13;
Herleitung aus dem Grundtone dieses Dreiklanges nicht&#13;
fordern könne.</Unicode>
            </TextEquiv>
        </TextRegion>
        <TextRegion orientation="0.0" id="TextRegion_1612564493804_1831" custom="readingOrder {index:4;} structure {type:paragraph-continued;}">
            <Coords points="96,1752 1200,1752 1200,2127 96,2127"/>
            <TextLine id="r1l29" custom="readingOrder {index:0;} textStyle {offset:26; length:7;italic:true; fontSize:0.0; kerning:0;}">
                <Coords points="232,1802 1194,1803 1194,1763 1110,1755 232,1756"/>
                <Baseline points="239,1788 286,1788 333,1789 381,1789 428,1789 476,1789 523,1789 571,1789 618,1789 666,1788 713,1788 760,1788 808,1787 855,1787 903,1787 950,1787 998,1787 1045,1787 1093,1788 1140,1788 1188,1789"/>
                <TextEquiv>
                    <Unicode>192. Beim Septimenaccorde D|F-a-C ist aber ebenso</Unicode>
                </TextEquiv>
            </TextLine>
            <TextLine id="r1l30" custom="readingOrder {index:1;} textStyle {offset:4; length:8;fontSize:0.0; kerning:0; letterSpaced:true;}">
                <Coords points="140,1851 1183,1850 1151,1804 140,1814"/>
                <Baseline points="147,1841 198,1841 249,1841 301,1842 352,1842 404,1842 455,1842 507,1842 558,1841 610,1841 661,1841 712,1841 764,1841 815,1840 867,1840 918,1840 970,1840 1021,1840 1073,1840 1124,1840 1176,1840"/>
                <TextEquiv>
                    <Unicode>der Grundton ein von dem über ihm liegenden Unterdo¬</Unicode>
                </TextEquiv>
            </TextLine>
            <TextLine id="r1l31" custom="readingOrder {index:2;} textStyle {offset:44; length:1;italic:true; fontSize:0.0; kerning:0;} textStyle {offset:50; length:1;italic:true; fontSize:0.0; kerning:0;}">
                <Coords points="140,1908 1041,1908 1203,1899 1203,1867 140,1871"/>
                <Baseline points="147,1895 199,1895 252,1895 304,1895 357,1895 409,1895 462,1895 514,1895 567,1894 619,1894 672,1894 724,1894 777,1893 829,1893 882,1893 934,1893 987,1893 1039,1892 1092,1892 1144,1892 1197,1892"/>
                <TextEquiv>
                    <Unicode>minantdreiklange abgesonderter; er geht mit F und a keine</Unicode>
                </TextEquiv>
            </TextLine>
            <TextLine id="r1l32" custom="readingOrder {index:3;} textStyle {offset:35; length:1;italic:true; fontSize:0.0; kerning:0;} textStyle {offset:54; length:1;italic:true; fontSize:0.0; kerning:0;}">
                <Coords points="144,1964 1193,1954 1203,1907 556,1936 144,1916"/>
                <Baseline points="151,1949 203,1948 255,1948 307,1948 360,1948 412,1948 464,1947 516,1947 569,1947 621,1947 673,1947 725,1947 778,1947 830,1946 882,1946 934,1946 987,1946 1039,1945 1091,1945 1143,1944 1196,1944"/>
                <TextEquiv>
                    <Unicode>innere Verbindung ein. Der aus dem h aufsteigende Ton C</Unicode>
                </TextEquiv>
            </TextLine>
            <TextLine id="r1l33" custom="readingOrder {index:4;} textStyle {offset:10; length:1;italic:true; fontSize:0.0; kerning:0;} textStyle {offset:38; length:1;italic:true; fontSize:0.0; kerning:0;} textStyle {offset:44; length:1;italic:true; fontSize:0.0; kerning:0;}">
                <Coords points="137,2011 1173,2011 1194,1980 136,1971"/>
                <Baseline points="144,2002 196,2001 248,2001 300,2000 352,2000 405,2000 457,2000 509,2000 561,2000 613,2000 666,2000 718,2000 770,2000 822,2000 874,2000 927,1999 979,1999 1031,1998 1083,1997 1135,1995 1188,1994"/>
                <TextEquiv>
                    <Unicode>findet in D kein Hinderniss, sich mit F und a zum F-Dur¬</Unicode>
                </TextEquiv>
            </TextLine>
            <TextLine id="r1l34" custom="readingOrder {index:5;} textStyle {offset:37; length:1;italic:true; fontSize:0.0; kerning:0;} textStyle {offset:53; length:1;italic:true; fontSize:0.0; kerning:0;}">
                <Coords points="139,2062 1048,2075 1202,2059 1202,2021 138,2023"/>
                <Baseline points="146,2054 198,2054 250,2054 303,2053 355,2053 408,2053 460,2053 513,2053 565,2053 618,2053 670,2053 722,2052 775,2052 827,2052 880,2052 932,2051 985,2051 1037,2050 1090,2049 1142,2048 1195,2047"/>
                <TextEquiv>
                    <Unicode>dreiklange zu verbinden, wie ein aus B aufsteigendes C</Unicode>
                </TextEquiv>
            </TextLine>
            <TextLine id="r1l35" custom="readingOrder {index:6;} textStyle {offset:6; length:1;italic:true; fontSize:0.0; kerning:0;} textStyle {offset:32; length:1;italic:true; fontSize:0.0; kerning:0;} textStyle {offset:38; length:1;italic:true; fontSize:0.0; kerning:0;}">
                <Coords points="143,2115 1199,2107 1176,2068 143,2083"/>
                <Baseline points="150,2107 202,2107 254,2107 306,2107 358,2107 410,2107 462,2107 514,2107 566,2107 618,2107 671,2107 723,2107 775,2107 827,2106 879,2106 931,2105 983,2105 1035,2104 1087,2103 1139,2102 1192,2101"/>
                <TextEquiv>
                    <Unicode>es in d finden muss, indem hier F und a schon dem Drei¬</Unicode>
                </TextEquiv>
            </TextLine>
            <TextEquiv>
                <Unicode>192. Beim Septimenaccorde D|F-a-C ist aber ebenso&#13;
der Grundton ein von dem über ihm liegenden Unterdo¬&#13;
minantdreiklange abgesonderter; er geht mit F und a keine&#13;
innere Verbindung ein. Der aus dem h aufsteigende Ton C&#13;
findet in D kein Hinderniss, sich mit F und a zum F-Dur¬&#13;
dreiklange zu verbinden, wie ein aus B aufsteigendes C&#13;
es in d finden muss, indem hier F und a schon dem Drei¬</Unicode>
            </TextEquiv>
        </TextRegion>
    </Page>
</PcGts>
