1444 2597
691 228 780 267 238
281 316 1261 364 In diesen Formen wird aber nothwendig Alles enthal¬
207 371 1258 419 ten sein, was als metrische Bildung sich in den Einheits¬
204 427 1262 467 begriff zusammenfassen lässt. Es ist damit einem weite¬
205 483 1262 531 ren Umfange des Ganzen der Formation und der engeren
210 532 1259 572 Gliederung des Theiles derselben auf keine Weise eine
200 580 1266 628 Schranke gesetzt: denn wir können ebensowohl jede
206 635 1260 683 dieser metrisch-combinirten Einheitsformen wieder als
206 692 1269 732 Theil, als Glied zu neuer Gestaltung höherer Ordnung, in
210 744 1259 795 einer einfachen oder wieder combinirten Form betrachten,
202 803 1271 842 wie wir den Theil eines jeden Ganzen wieder selbst als
205 859 1263 908 ein Ganzes, d. h. als metrisch zu gliedernde Einheit uns
211 900 490 947 denken können.
295 956 1270 1003 27. Aus dem bisher Gesagten ergibt sich wohl von
213 1012 1262 1050 selbst, dass eine metrische Gliederung nicht in der Theil¬
203 1060 1262 1104 ung eines vorausgesetzten Ganzen besteht, ebensowe¬
212 1123 1258 1171 nig darf man sich das Ganze als eine Zusammensetzung
216 1172 1268 1211 von Einheiten zu einer Mehrheit vorstellen: die metrische
215 1220 1269 1267 Formation ist allezeit nur das Product, das aus der Evo¬
206 1276 1260 1330 lution einer als Anfang gesetzten ersten Zeit entstanden,
208 1331 1265 1372 und alle mannigfaltige Bildung kann hier zunächst nur aus
209 1380 1261 1427 der einfachen Entgegensetzung des als Einfachem gesetz¬
218 1436 1268 1476 ten, d. i. aus dessen Verdopplung, hervorgehen. In zwei¬
210 1497 1267 1540 gliedriger Formation geschicht diese Entgegensetzung pro¬
218 1539 1266 1586 ductiv nach Aussen; die dreigliedrige hebt diese Pro¬
209 1596 1268 1635 duction wieder auf, sie negirt die Bestimmung des ersten
217 1644 1271 1691 Gliedes, indem sie das zweite selbst zu einem ersten
212 1703 1275 1746 deutet; es damit dem ersten, aus dem es hervorgegangen
218 1756 1270 1794 war, entzieht, und die Doppelbedeutung im zweiten ent¬
214 1810 1271 1852 stehen lässt: das Eine und das Andere, Zweites und Erstes
212 1859 1281 1905 im Widerspruche mit sich selbst, oder Verschiedenes an
221 1922 1271 1971 sich zu sein. Wenn wir in dieser Eigenschaft schon dem
220 1963 1277 2011 Wesen des Quintbegriffes begegnet sind, so hat dieser
213 2028 1283 2075 sich früher auch schon dem Dissonanzbegriffe correlativ
212 2067 1285 2114 erwiesen (I. 113), sofern nämlich in der harmonischen
