1444 2597
710 217 798 259 110
313 628 1299 690 Die zweite, in Quint-verwandten Dreiklängen
227 676 501 723 fortschreitend:
316 1075 1294 1123 Die dritte, in Dreiklängen ohne directe Verwandt¬
226 1131 614 1172 schaft fortschreitend:
310 1523 1285 1571 Die ersten zwei Reihen enthalten schon in dem auf¬
228 1586 1297 1635 steigenden Eintritte der Septime ihre Unzulässigkeit. In
230 1627 1289 1675 der dritten kommt dazu noch die folgewidrige Fortschreit¬
237 1684 1291 1732 ung der unverbundenen Dreiklänge, welche in der Pro¬
236 1746 1293 1794 gression nach der Unterdominantseite die Reihe schon nicht
229 1787 1235 1835 ohne periodische Unterbrechung konnte bestehen lassen.
315 1844 1287 1886 162. Es kann demnach eine Progression in Septimen¬
225 1899 1288 1939 harmonieen sich überhaupt nur nach der Unterdominant¬
231 1947 1288 1995 seite bilden, indem nur in dieser Richtung den orga¬
232 2004 1288 2052 nisch-gesetzlichen Forderungen der Folge entsprochen
233 2051 1291 2102 wird, und zwar wird sie hier in der ersten und zweiten
