1444 2597
741 220 817 267 316
253 317 1312 363 entspricht, wie ihn z. B. architectonisch ein Gebäude mit
252 375 1311 411 zwei in dieser Art disponirten Säulenportalen oder zwei
247 420 827 467 Haupteingängen vorstellen wird.
332 476 1298 522 108. — Was den gothischen Spitzbogen entstehen lässt,
243 524 1309 571 ist eben auch eine solche Centralzweiheit, indem das Centrum
245 580 1308 618 des Bogens der einen Seite in die Peripherie des anderen fällt:
250 1052 1308 1099 gegenüber dem sogenannten Rundbogen, welcher aus ein¬
247 1100 769 1155 fachem Centrum hervorgeht:
242 1523 1306 1572 Der Erstere enthält dann in seiner Spitze, in der geworde¬
246 1579 1301 1620 nen Mitte, die Auflösung seiner Dissonanz, seiner Quint¬
246 1628 1304 1673 zweiheit. Der Rundbogen kann an sich selbst eine be¬
250 1690 1310 1740 stimmte Mitte nicht zur Erscheinung bringen, da er nur
245 1739 1305 1779 Einheit ist und jeder Theil an ihm in den anderen
240 1787 426 1843 übergeht. —
333 1844 1310 1879 109. In allen symmetrischen Bestimmungen, als sol¬
246 1900 1317 1939 chen, wird immer quantitativ nur Gleiches mit Gleichem
242 1948 634 2003 in Verbindung treten.
336 1996 1318 2050 Setzen wir aber jetzt eine rhythmische Bewegung
240 2051 444 2099 wie diese:
