1444 2597
729 236 829 283 342
316 1283 1293 1346 158. Die tetrapodische Form, in den drei rhyth¬
230 1339 1285 1387 misch-ungleichzeitigen Bestimmungen combinirt, wird wie¬
229 1396 1287 1451 der die dreifache Zahl der vorhergehenden, d. i. $$MATH
224 1461 1292 1499 verschiedene Gliederungsweisen ergeben. Wie
228 1500 1287 1543 aber die Tetrapodie von der Doppeldipodie, das wesent¬
229 1555 1294 1595 lich-Vierzeitige vom Doppelzweizeitigen eben nur in der
233 1604 1288 1652 Accentbestimmung, nicht in der Gliederungsgestaltung ver¬
229 1659 1292 1699 schieden ist, wie dem Doppelzweizeitigen zwar ein Ac¬
234 1716 1288 1755 centmoment des Vierzeitigen fehlt, das Vierzeitige aber
225 1764 1288 1811 immer auch ein Doppelzweizeitiges ist, so werden diese
225 1820 1290 1859 81 Formen der tetrapodisch-rhythmischen Gliederung nicht
233 1867 1289 1916 zu verzeichnen nöthig sein: sie können nur in den Combi¬
221 1923 1287 1967 nationen je zwei zweizeitiger Formen bestehen, und müs¬
221 1984 1275 2035 sen mithin das Neunfache der zweizeitigen neunmal ent¬
221 2027 1295 2074 halten, indem jede der neun zweizeitigen Formen mit sich
231 2085 1024 2131 und den acht übrigen zusammenzustellen ist.
