1444 2597
713 260 801 305 224
307 347 1283 392 5. Diese zwei Schläge schliessen nur einen Zeit¬
218 405 1288 451 raum ein. Wir erhalten aber mit den zwei Schlägen nicht
221 460 1283 508 eine, sondern zwei Zeiten bestimmt. Es wird mit dem
222 507 1283 554 zweiten Schlage, dem Ende des eingeschlossenen Zeit¬
226 570 1280 619 raumes, zugleich der Anfang eines zweiten gegeben, dem
229 619 1274 660 ersten an Dauer gleich. Am Ende dieses zweiten können
226 678 1276 715 wir einen neuen Schlag erwarten, der aber nicht früher
223 721 1280 770 als in diesem Zeitpuncte erfolgen dürfte, wenn er nicht
222 778 1277 820 eine Unterbrechung, eine Kürzung der Zeit, die uns durch
226 827 1280 875 die zwei Schläge bestimmt ist, verursachen soll. — Das
225 884 1283 924 reale, von den beiden Schlägen begrenzte Zeitintervall ist
226 932 1282 980 es nicht, was durch einen späteren, unzeitig erfolgenden
225 989 1283 1035 Schlag beeinträchtigt wird, denn dieses kann an sich durch
223 1044 1271 1091 Etwas, das nach seinem Verlauf erst eintritt, keine Stör¬
217 1091 1270 1145 ung erfahren; und doch fühlen wir durch einen Schlag,
217 1148 1283 1190 der vor Ablauf des zweiten Zeitraumes geschieht, die
223 1196 1270 1259 durch zwei Schläge gegebene metrische Bestimmung ge¬
217 1251 1279 1299 stört. Es ist also nicht das eingeschlossene Zeitintervall
217 1308 1278 1363 allein, sondern dieses mit seinem folgenden zusammenge¬
212 1356 782 1402 nommen die metrische Einheit.
301 1572 1280 1618 6. Wenn ein Schlag noch keinen Zeitraum, keine
219 1628 1273 1676 Zeitgrösse bestimmt, sondern nur einen Anfang ohne Ende
222 1675 1276 1723 bezeichnen kann, so erhalten wir mit zwei nacheinander¬
219 1731 1278 1782 folgenden Schlägen ein zeitlich bestimmtes Ganze, von
221 1794 1272 1843 welchem der durch die beiden Schläge eingeschlossene
217 1842 1277 1890 Zeitraum die Hälfte ist. Die erste metrische Bestimmung
218 1891 1272 1946 ist nicht die eines einfachen, sondern die eines zweifachen,
222 1947 819 1988 eines wiederholten Zeitintervalles.
303 1996 1279 2043 7. Eine einfache Zeit ist keine metrische Einheit, kann
220 2053 1276 2099 als metrisches Ganze nicht vorkommen. Das Einzelne hat
217 2099 1270 2147 in metrischer Bestimmung allezeit nur als Theil des Gan¬
