<?xml version="1.0" encoding="UTF-8" standalone="yes"?>
<PcGts xmlns="http://schema.primaresearch.org/PAGE/gts/pagecontent/2013-07-15" xmlns:xsi="http://www.w3.org/2001/XMLSchema-instance" xsi:schemaLocation="http://schema.primaresearch.org/PAGE/gts/pagecontent/2013-07-15 http://schema.primaresearch.org/PAGE/gts/pagecontent/2013-07-15/pagecontent.xsd">
    <Metadata>
        <Creator>prov=University of Rostock/Institute of Mathematics/CITlab|PLANET AI GmbH/Gundram Leifert/gundram.leifert@planet-ai.de:name=ONB_Newseye_GT_M1+(htr_id=10810)::::v=2.6.7
prov=University of Rostock/Institute of Mathematics/CITlab|PLANET AI GmbH/Tobias Gruening/tobias.gruening@planet-ai.de:name=de.uros.citlab.module.baseline2polygon.B2PSeamMultiOriented:v=2.6.7
prov=University of Rostock/Institute of Mathematics/CITlab|PLANET AI GmbH/Tobias Gruening/tobias.gruening@planet-ai.de:name=/net_tf/LA73_249_0mod360.pb:de.uros.citlab.segmentation.CITlab_LA_ML:v=2.6.6
Transkribus</Creator>
        <Created>2021-02-02T15:22:37.611+01:00</Created>
        <LastChange>2021-03-17T13:51:17.779+01:00</LastChange>
        <TranskribusMetadata docId="598856" pageId="23846764" pageNr="197" tsid="53817574" status="DONE" userId="74363" imgUrl="https://files.transkribus.eu/Get?id=CANFGORNTHQZJDNKAZJYOQNX&amp;fileType=view" xmlUrl="https://files.transkribus.eu/Get?id=RVYGPTVVNQVLEHZDRUNZMFET" imageId="18303230"/>
    </Metadata>
    <Page imageFilename="Hauptmann1853-0206.jpg" imageWidth="1444" imageHeight="2597" type="content">
        <ReadingOrder>
            <OrderedGroup id="ro_1624196711967" caption="Regions reading order">
                <RegionRefIndexed index="0" regionRef="TextRegion_1612638897018_4737"/>
                <RegionRefIndexed index="1" regionRef="TextRegion_1612638897018_4736"/>
                <RegionRefIndexed index="2" regionRef="TextRegion_1612638894263_4730"/>
                <RegionRefIndexed index="3" regionRef="TextRegion_1612638891457_4726"/>
                <RegionRefIndexed index="4" regionRef="TextRegion_1612638887615_4722"/>
            </OrderedGroup>
        </ReadingOrder>
        <TextRegion orientation="0.0" type="page-number" id="TextRegion_1612638897018_4737" custom="readingOrder {index:0;} structure {type:page-number;}">
            <Coords points="188,196 1242,196 1242,252 188,252"/>
            <TextLine id="r1l1" custom="readingOrder {index:0;}">
                <Coords points="682,227 694,230 703,230 705,227 717,234 724,230 730,234 740,231 751,219 758,219 758,185 746,188 682,188"/>
                <Baseline points="688,221 720,223 752,221"/>
                <TextEquiv>
                    <Unicode>187</Unicode>
                </TextEquiv>
            </TextLine>
            <TextEquiv>
                <Unicode>187</Unicode>
            </TextEquiv>
        </TextRegion>
        <TextRegion orientation="0.0" type="paragraph" id="TextRegion_1612638897018_4736" custom="readingOrder {index:1;} structure {type:paragraph;}">
            <Coords points="188,252 1242,252 1242,849 188,849"/>
            <TextLine id="r1l2" custom="readingOrder {index:0;}">
                <Coords points="190,331 1223,324 1240,290 190,291"/>
                <Baseline points="197,314 248,314 300,314 352,314 404,314 456,314 507,314 559,314 611,314 663,314 715,314 766,314 818,315 870,315 922,315 974,315 1025,315 1077,315 1129,315 1181,316 1233,316"/>
                <TextEquiv>
                    <Unicode>wird. Daher ist aber auch eine Tonart in ihrer tonischen</Unicode>
                </TextEquiv>
            </TextLine>
            <TextLine id="r1l3" custom="readingOrder {index:1;}">
                <Coords points="190,377 1234,379 1234,339 1199,333 190,333"/>
                <Baseline points="196,367 247,367 299,367 350,366 402,366 454,366 505,366 557,366 608,366 660,366 712,366 763,366 815,366 866,366 918,366 970,367 1021,367 1073,367 1124,368 1176,368 1228,369"/>
                <TextEquiv>
                    <Unicode>Qualität durch die Oberdominant weit weniger gefährdet,</Unicode>
                </TextEquiv>
            </TextLine>
            <TextLine id="r1l4" custom="readingOrder {index:2;}">
                <Coords points="191,427 1243,426 1243,395 1195,388 191,393"/>
                <Baseline points="198,417 249,418 301,418 353,418 405,418 457,418 509,418 561,419 613,419 665,419 717,419 768,419 820,419 872,419 924,419 976,419 1028,420 1080,420 1132,420 1184,420 1236,420"/>
                <TextEquiv>
                    <Unicode>als durch die Unterdominant; denn wenn die Modulation</Unicode>
                </TextEquiv>
            </TextLine>
            <TextLine id="r1l5" custom="readingOrder {index:3;}">
                <Coords points="185,484 1237,492 1237,448 1200,436 185,443"/>
                <Baseline points="191,470 245,471 300,471 355,471 409,471 464,472 519,472 573,472 628,472 683,471 737,471 792,471 847,471 901,471 956,471 1011,472 1065,472 1120,472 1175,473 1230,473"/>
                <TextEquiv>
                    <Unicode>sich schon so leicht nach der Unterdominantseite wendet,</Unicode>
                </TextEquiv>
            </TextLine>
            <TextLine id="r1l6" custom="readingOrder {index:4;}">
                <Coords points="185,531 1240,530 1207,492 185,492"/>
                <Baseline points="192,521 244,522 296,522 348,523 400,523 452,523 504,523 556,523 608,523 660,523 712,523 764,523 816,523 868,523 920,523 972,524 1024,524 1076,524 1128,525 1180,525 1233,526"/>
                <TextEquiv>
                    <Unicode>so wird sie noch williger aus der Oberdominant nach der</Unicode>
                </TextEquiv>
            </TextLine>
            <TextLine id="r1l7" custom="readingOrder {index:5;}">
                <Coords points="191,586 1242,596 1242,554 1166,539 430,539 320,565 191,540"/>
                <Baseline points="197,576 251,575 306,575 361,575 415,575 470,575 525,575 579,575 634,575 689,575 743,575 798,575 853,575 907,575 962,576 1017,576 1071,576 1126,576 1181,577 1236,577"/>
                <TextEquiv>
                    <Unicode>Tonica zurückkehren und diese nach einer Ausweichung</Unicode>
                </TextEquiv>
            </TextLine>
            <TextLine id="r1l8" custom="readingOrder {index:6;}">
                <Coords points="188,635 1244,635 1244,603 1182,596 188,597"/>
                <Baseline points="195,624 247,625 299,626 351,627 403,627 455,627 507,627 560,627 612,627 664,627 716,627 768,627 820,627 872,627 925,627 977,627 1029,627 1081,627 1133,628 1185,629 1238,629"/>
                <TextEquiv>
                    <Unicode>in die Oberdominant wieder als Haupttonart festsetzen</Unicode>
                </TextEquiv>
            </TextLine>
            <TextLine id="r1l9" custom="readingOrder {index:7;}">
                <Coords points="187,691 1245,683 1222,644 187,644"/>
                <Baseline points="193,678 245,678 297,678 349,678 402,679 454,679 506,679 558,679 611,679 663,679 715,679 767,680 820,680 872,680 924,680 976,680 1029,679 1081,679 1133,679 1185,679 1238,679"/>
                <TextEquiv>
                    <Unicode>können; während eine Modulation nach der Unterdomi¬</Unicode>
                </TextEquiv>
            </TextLine>
            <TextLine id="r1l10" custom="readingOrder {index:8;}">
                <Coords points="191,739 1236,747 1236,700 191,708"/>
                <Baseline points="198,731 249,731 301,732 352,732 404,732 455,732 507,732 558,732 610,732 661,732 713,732 765,732 816,732 868,732 919,732 971,732 1022,732 1074,732 1125,732 1177,733 1229,734"/>
                <TextEquiv>
                    <Unicode>nant den tonischen Character sogleich auf diese fallen lässt,</Unicode>
                </TextEquiv>
            </TextLine>
            <TextLine id="r1l11" custom="readingOrder {index:9;}">
                <Coords points="193,795 1245,796 1212,747 1026,773 997,748 193,756"/>
                <Baseline points="199,783 253,783 308,783 363,784 417,784 472,784 527,784 581,784 636,784 691,785 745,784 800,784 855,784 909,784 964,784 1019,784 1073,784 1128,784 1183,784 1238,784"/>
                <TextEquiv>
                    <Unicode>und erst eine neue Spannung erfordert wird, ihn für die</Unicode>
                </TextEquiv>
            </TextLine>
            <TextLine id="line_1612638894283_4733" custom="readingOrder {index:10;}">
                <Coords points="189,843 447,836 512,860 550,844 687,843 687,811 590,803 520,814 189,803"/>
                <Baseline points="196,834 221,835 246,835 272,836 297,836 323,836 348,836 374,836 399,836 425,836 450,836 476,836 501,836 527,836 552,836 578,836 603,836 629,837 654,837 680,837"/>
                <TextEquiv>
                    <Unicode>Tonica wieder zu gewinnen.</Unicode>
                </TextEquiv>
            </TextLine>
            <TextEquiv>
                <Unicode>wird. Daher ist aber auch eine Tonart in ihrer tonischen&#13;
Qualität durch die Oberdominant weit weniger gefährdet,&#13;
als durch die Unterdominant; denn wenn die Modulation&#13;
sich schon so leicht nach der Unterdominantseite wendet,&#13;
so wird sie noch williger aus der Oberdominant nach der&#13;
Tonica zurückkehren und diese nach einer Ausweichung&#13;
in die Oberdominant wieder als Haupttonart festsetzen&#13;
können; während eine Modulation nach der Unterdomi¬&#13;
nant den tonischen Character sogleich auf diese fallen lässt,&#13;
und erst eine neue Spannung erfordert wird, ihn für die&#13;
Tonica wieder zu gewinnen.</Unicode>
            </TextEquiv>
        </TextRegion>
        <TextRegion orientation="0.0" type="paragraph" id="TextRegion_1612638894263_4730" custom="readingOrder {index:2;} structure {type:paragraph;}">
            <Coords points="188,849 1242,849 1242,1113 188,1113"/>
            <TextLine id="r1l13" custom="readingOrder {index:0;}">
                <Coords points="272,899 1238,891 1225,860 1149,851 272,852"/>
                <Baseline points="279,886 326,887 374,887 421,888 469,888 517,888 564,889 612,889 659,889 707,889 755,889 802,888 850,888 897,888 945,888 993,888 1040,888 1088,888 1135,888 1183,889 1231,889"/>
                <TextEquiv>
                    <Unicode>Es wird nach einem längeren Verweilen in der Unter¬</Unicode>
                </TextEquiv>
            </TextLine>
            <TextLine id="r1l14" custom="readingOrder {index:1;}">
                <Coords points="189,952 1232,947 1243,906 897,930 189,909"/>
                <Baseline points="196,941 248,941 300,941 352,941 404,941 456,941 508,941 560,941 612,941 664,941 716,941 768,941 820,941 872,941 924,941 976,941 1028,941 1080,941 1132,941 1184,941 1236,941"/>
                <TextEquiv>
                    <Unicode>dominanttonart fast Bedürfniss sein, die Oberdominant</Unicode>
                </TextEquiv>
            </TextLine>
            <TextLine id="r1l15" custom="readingOrder {index:2;}">
                <Coords points="192,1003 1244,1003 1244,962 192,971"/>
                <Baseline points="199,991 253,992 308,992 363,992 417,993 472,993 527,993 581,993 636,993 691,993 745,993 800,993 855,993 909,993 964,993 1019,993 1073,993 1128,993 1183,993 1238,994"/>
                <TextEquiv>
                    <Unicode>erst wieder zu berühren, um aus dieser auf die Tonica</Unicode>
                </TextEquiv>
            </TextLine>
            <TextLine id="r1l16" custom="readingOrder {index:3;}">
                <Coords points="192,1058 868,1039 1243,1067 1243,1018 1172,1012 192,1019"/>
                <Baseline points="198,1045 249,1045 301,1045 353,1045 405,1045 457,1045 509,1045 561,1046 613,1046 665,1046 717,1046 768,1046 820,1046 872,1046 924,1046 976,1045 1028,1045 1080,1045 1132,1045 1184,1045 1236,1045"/>
                <TextEquiv>
                    <Unicode>zurückkehrend, diese ganz in ihrer tonischen Bedeutung</Unicode>
                </TextEquiv>
            </TextLine>
            <TextLine id="r1l17" custom="readingOrder {index:4;}">
                <Coords points="186,1106 485,1107 485,1082 472,1077 401,1077 381,1067 271,1077 208,1060 186,1065"/>
                <Baseline points="192,1097 218,1098 244,1099 270,1099 296,1099 322,1098 348,1098 374,1098 400,1097 426,1098 452,1098 478,1099"/>
                <TextEquiv>
                    <Unicode>fühlen zu lassen.</Unicode>
                </TextEquiv>
            </TextLine>
            <TextEquiv>
                <Unicode>Es wird nach einem längeren Verweilen in der Unter¬
dominanttonart fast Bedürfniss sein, die Oberdominant
erst wieder zu berühren, um aus dieser auf die Tonica
zurückkehrend, diese ganz in ihrer tonischen Bedeutung
fühlen zu lassen.</Unicode>
            </TextEquiv>
        </TextRegion>
        <TextRegion orientation="0.0" type="paragraph" id="TextRegion_1612638891457_4726" custom="readingOrder {index:3;} structure {type:paragraph;}">
            <Coords points="188,1113 1242,1113 1242,1791 188,1791"/>
            <TextLine id="r1l18" custom="readingOrder {index:0;}">
                <Coords points="273,1163 1239,1163 1239,1121 273,1115"/>
                <Baseline points="280,1149 327,1149 375,1150 422,1150 470,1150 518,1150 565,1151 613,1151 660,1151 708,1150 756,1150 803,1150 851,1150 898,1150 946,1150 994,1150 1041,1150 1089,1150 1136,1150 1184,1150 1232,1150"/>
                <TextEquiv>
                    <Unicode>So ist die regelmässige modulatorische Form unserer</Unicode>
                </TextEquiv>
            </TextLine>
            <TextLine id="r1l19" custom="readingOrder {index:1;}">
                <Coords points="181,1209 1239,1211 1196,1169 683,1193 181,1172"/>
                <Baseline points="188,1202 240,1202 292,1202 344,1203 396,1203 449,1203 501,1203 553,1203 605,1203 657,1203 710,1203 762,1203 814,1203 866,1203 918,1203 971,1203 1023,1203 1075,1203 1127,1202 1179,1202 1232,1202"/>
                <TextEquiv>
                    <Unicode>Musikstücke der Durtonart, dass sie in der Mitte nach der</Unicode>
                </TextEquiv>
            </TextLine>
            <TextLine id="r1l20" custom="readingOrder {index:2;}">
                <Coords points="193,1266 1241,1259 1224,1228 1075,1219 665,1244 193,1220"/>
                <Baseline points="200,1253 251,1253 303,1254 355,1254 407,1254 458,1254 510,1255 562,1255 614,1255 665,1255 717,1255 769,1255 821,1255 872,1255 924,1255 976,1255 1028,1254 1079,1254 1131,1254 1183,1253 1235,1252"/>
                <TextEquiv>
                    <Unicode>Oberdominant übergehen, eben blos die vernünftig-natur¬</Unicode>
                </TextEquiv>
            </TextLine>
            <TextLine id="r1l21" custom="readingOrder {index:3;}">
                <Coords points="185,1331 1237,1324 1237,1282 184,1283"/>
                <Baseline points="191,1307 245,1307 300,1307 355,1307 409,1308 464,1308 519,1308 573,1308 628,1308 683,1308 737,1308 792,1308 847,1308 901,1307 956,1307 1011,1307 1065,1307 1120,1307 1175,1307 1230,1307"/>
                <TextEquiv>
                    <Unicode>gemässe. Es ist der Fortgang überhaupt, der vom Anfang</Unicode>
                </TextEquiv>
            </TextLine>
            <TextLine id="r1l22" custom="readingOrder {index:4;}">
                <Coords points="190,1371 1231,1371 1240,1330 190,1332"/>
                <Baseline points="197,1359 248,1359 300,1360 352,1360 404,1360 456,1361 507,1361 559,1361 611,1361 663,1361 715,1361 766,1361 818,1360 870,1360 922,1360 974,1360 1025,1360 1077,1360 1129,1359 1181,1359 1233,1359"/>
                <TextEquiv>
                    <Unicode>aus kein Rückgang sein, also nicht nach der Unterdominant</Unicode>
                </TextEquiv>
            </TextLine>
            <TextLine id="r1l23" custom="readingOrder {index:5;}">
                <Coords points="188,1420 1244,1418 1222,1378 188,1379"/>
                <Baseline points="194,1411 246,1412 298,1412 350,1412 402,1413 455,1413 507,1413 559,1413 611,1413 663,1413 716,1413 768,1413 820,1413 872,1413 924,1412 977,1412 1029,1412 1081,1412 1133,1411 1185,1411 1238,1411"/>
                <TextEquiv>
                    <Unicode>führen kann. Das Zurückgehen aus der Oberdominant nach</Unicode>
                </TextEquiv>
            </TextLine>
            <TextLine id="r1l24" custom="readingOrder {index:6;}">
                <Coords points="185,1475 1249,1475 1249,1430 185,1437"/>
                <Baseline points="192,1465 244,1465 297,1465 349,1465 402,1465 454,1465 507,1465 559,1466 612,1466 664,1466 717,1466 769,1466 822,1466 874,1466 927,1465 979,1465 1032,1465 1084,1464 1137,1463 1189,1463 1242,1462"/>
                <TextEquiv>
                    <Unicode>der Tonica aber ist die Heimkehr. In der Molltonart wird</Unicode>
                </TextEquiv>
            </TextLine>
            <TextLine id="r1l25" custom="readingOrder {index:7;}">
                <Coords points="187,1525 1239,1521 1239,1491 1183,1483 187,1488"/>
                <Baseline points="194,1516 248,1516 303,1517 358,1517 412,1518 467,1518 522,1518 576,1518 631,1518 686,1518 740,1518 795,1518 850,1518 904,1517 959,1517 1014,1517 1068,1516 1123,1516 1178,1516 1233,1515"/>
                <TextEquiv>
                    <Unicode>die Modulation regelmässig nicht nach der Quint, sondern</Unicode>
                </TextEquiv>
            </TextLine>
            <TextLine id="r1l26" custom="readingOrder {index:8;}">
                <Coords points="189,1579 1245,1579 1245,1537 189,1546"/>
                <Baseline points="195,1568 247,1568 299,1568 351,1568 403,1568 455,1568 507,1569 560,1569 612,1569 664,1569 716,1569 768,1569 820,1569 872,1569 925,1569 977,1569 1029,1569 1081,1568 1133,1568 1185,1568 1238,1567"/>
                <TextEquiv>
                    <Unicode>nach der verwandten Durtonart geführt. Die Molltonart hat</Unicode>
                </TextEquiv>
            </TextLine>
            <TextLine id="r1l27" custom="readingOrder {index:9;}">
                <Coords points="187,1627 976,1642 1244,1627 1244,1585 531,1587 495,1614 187,1588"/>
                <Baseline points="193,1618 245,1619 297,1621 349,1621 401,1622 454,1622 506,1623 558,1623 610,1623 662,1622 715,1622 767,1622 819,1621 871,1621 923,1621 976,1620 1028,1620 1080,1620 1132,1619 1184,1619 1237,1619"/>
                <TextEquiv>
                    <Unicode>keinen Fortgang, sie ist in sich selbst eingeschlossen und</Unicode>
                </TextEquiv>
            </TextLine>
            <TextLine id="r1l28" custom="readingOrder {index:10;}">
                <Coords points="192,1683 1203,1691 1239,1683 1239,1644 192,1647"/>
                <Baseline points="199,1670 250,1671 302,1673 354,1674 405,1674 457,1675 509,1675 560,1675 612,1675 664,1674 716,1674 767,1673 819,1673 871,1672 922,1672 974,1672 1026,1672 1077,1671 1129,1672 1181,1672 1233,1672"/>
                <TextEquiv>
                    <Unicode>wird zuerst sich der beschränkenden Fesseln entledigen</Unicode>
                </TextEquiv>
            </TextLine>
            <TextLine id="r1l29" custom="readingOrder {index:11;}">
                <Coords points="185,1732 1244,1731 1244,1700 999,1692 185,1700"/>
                <Baseline points="192,1722 244,1723 296,1724 348,1725 401,1725 453,1725 505,1726 557,1726 610,1726 662,1726 714,1726 766,1725 819,1725 871,1725 923,1725 975,1725 1028,1725 1080,1725 1132,1725 1184,1725 1237,1726"/>
                <TextEquiv>
                    <Unicode>müssen im nächstverwandten Durtonartsysteme, um zu</Unicode>
                </TextEquiv>
            </TextLine>
            <TextLine id="r1l30" custom="readingOrder {index:12;}">
                <Coords points="190,1787 1241,1787 1224,1749 1128,1739 190,1750"/>
                <Baseline points="196,1775 247,1776 299,1776 351,1777 403,1777 455,1778 507,1778 559,1778 611,1778 663,1778 715,1778 766,1778 818,1778 870,1778 922,1778 974,1778 1026,1778 1078,1778 1130,1777 1182,1777 1234,1777"/>
                <TextEquiv>
                    <Unicode>einer Freiheit und Verwandtschaft mit Anderem zu gelangen.</Unicode>
                </TextEquiv>
            </TextLine>
            <TextEquiv>
                <Unicode>So ist die regelmässige modulatorische Form unserer
Musikstücke der Durtonart, dass sie in der Mitte nach der
Oberdominant übergehen, eben blos die vernünftig-natur¬
gemässe. Es ist der Fortgang überhaupt, der vom Anfang
aus kein Rückgang sein, also nicht nach der Unterdominant
führen kann. Das Zurückgehen aus der Oberdominant nach
der Tonica aber ist die Heimkehr. In der Molltonart wird
die Modulation regelmässig nicht nach der Quint, sondern
nach der verwandten Durtonart geführt. Die Molltonart hat
keinen Fortgang, sie ist in sich selbst eingeschlossen und
wird zuerst sich der beschränkenden Fesseln entledigen
müssen im nächstverwandten Durtonartsysteme, um zu
einer Freiheit und Verwandtschaft mit Anderem zu gelangen.</Unicode>
            </TextEquiv>
        </TextRegion>
        <TextRegion orientation="0.0" id="TextRegion_1612638887615_4722" custom="readingOrder {index:4;} structure {type:paragraph-continued;}">
            <Coords points="188,1791 1242,1791 1242,2063 188,2063"/>
            <TextLine id="line_1612638966925_4809" custom="readingOrder {index:0;}">
                <Coords points="271,1843 1248,1834 1237,1795 271,1796"/>
                <Baseline points="277,1829 305,1829 333,1828 361,1826 389,1826 417,1827 435,1829 475,1829 515,1830 556,1831 596,1831 636,1831 677,1831 717,1831 757,1831 798,1831 838,1830 878,1830 919,1830 959,1829 999,1829 1040,1829 1080,1828 1120,1828 1161,1827 1201,1827 1242,1827"/>
                <TextEquiv>
                    <Unicode>279. — Nach der vorhergegangenen Betrachtung wird</Unicode>
                </TextEquiv>
            </TextLine>
            <TextLine id="r1l33" custom="readingOrder {index:1;}">
                <Coords points="186,1890 1238,1890 1246,1852 186,1859"/>
                <Baseline points="192,1881 244,1881 296,1882 349,1882 401,1882 454,1883 506,1883 558,1883 611,1883 663,1883 716,1883 768,1883 820,1883 873,1883 925,1883 978,1882 1030,1882 1082,1881 1135,1881 1187,1880 1240,1879"/>
                <TextEquiv>
                    <Unicode>aber überhaupt jede Tonart, welche gegen eine andere</Unicode>
                </TextEquiv>
            </TextLine>
            <TextLine id="r1l34" custom="readingOrder {index:2;}">
                <Coords points="188,1947 1143,1947 1244,1939 1244,1906 188,1907"/>
                <Baseline points="195,1933 247,1933 299,1934 351,1934 403,1935 455,1935 507,1935 560,1935 612,1936 664,1936 716,1936 768,1936 820,1935 872,1935 925,1935 977,1935 1029,1934 1081,1934 1133,1933 1185,1932 1238,1932"/>
                <TextEquiv>
                    <Unicode>chromatisch erhöhete Töne enthält, sich zu dieser als eine</Unicode>
                </TextEquiv>
            </TextLine>
            <TextLine id="r1l35" custom="readingOrder {index:3;}">
                <Coords points="186,2002 1074,2004 1247,1994 1247,1959 186,1964"/>
                <Baseline points="192,1986 244,1986 296,1987 349,1987 401,1987 454,1987 506,1988 559,1988 611,1988 664,1988 716,1988 768,1988 821,1988 873,1987 926,1987 978,1987 1031,1987 1083,1986 1136,1986 1188,1985 1241,1985"/>
                <TextEquiv>
                    <Unicode>gesteigerte, gespanntere verhalten; eine Tonart, die sich</Unicode>
                </TextEquiv>
            </TextLine>
            <TextLine id="r1l36" custom="readingOrder {index:4;}">
                <Coords points="185,2052 1245,2039 1182,2004 185,2011"/>
                <Baseline points="191,2039 243,2039 295,2039 348,2039 400,2040 453,2040 505,2040 557,2041 610,2041 662,2041 715,2041 767,2041 819,2041 872,2041 924,2041 977,2040 1029,2040 1081,2039 1134,2037 1186,2036 1239,2034"/>
                <TextEquiv>
                    <Unicode>durch chromatisch vertiefte Töne von einer anderen unter¬</Unicode>
                </TextEquiv>
            </TextLine>
            <TextEquiv>
                <Unicode>279. — Nach der vorhergegangenen Betrachtung wird
aber überhaupt jede Tonart, welche gegen eine andere
chromatisch erhöhete Töne enthält, sich zu dieser als eine
gesteigerte, gespanntere verhalten; eine Tonart, die sich
durch chromatisch vertiefte Töne von einer anderen unter¬</Unicode>
            </TextEquiv>
        </TextRegion>
    </Page>
</PcGts>
