1444 2597
716 227 775 275 46
218 307 1288 375 Weise ausspricht. Der dissonanten Dreiklänge sind dem¬
221 363 1300 436 nach in der Molltonart drei verschiedene; denn die zwei in
222 419 1297 486 ihr enthaltenen verminderten Dreiklänge sind ebensowenig
225 476 1295 539 von gleicher Beschaffenheit, wie es die an denselben Stellen
221 533 1297 595 in der Durtonart sind; beide beruhen auf der doppelten
222 579 1300 644 Basis der Unter- und Oberdominant, differiren aber unter
229 627 1307 699 sich im Mehrgehalte aus dem einen oder andern Dreiklange
233 691 828 754 dieser zwei Basen: h-D|F, D|F-as.
317 731 1310 804 53. Im übermässigen Dreiklange aber, in es-G-h, ist
232 787 1297 861 der mittelste Ton, G, entschiedene Zweiheit in sich selbst;
236 851 1307 907 er ist nach zwei Seiten verschieden bestimmt, zugleich als
232 907 942 972 positiver und negativer Grundton:
319 1051 1315 1114 In den verminderten Dreiklängen besteht die Disso¬
240 1112 1317 1169 nanz in der Nichteinheit zweier Töne, im übermässigen ist
240 1163 1140 1227 sie in der innern Zweiheit eines Tones enthalten.
294 1267 1248 1332 Das Tonartsystem nach der einen oder anderen
486 1323 1052 1388 Dominantseite übergreifend.
311 1411 1233 1461 Die Grenzverbindungs- oder verminderten Dreiklänge
608 1459 936 1515 an diesem Systeme.
334 1538 1326 1593 54. Nachdem alle Dreiklangsharmonieen, die innerhalb
255 1580 1325 1643 der Grenzen des Dur- und Molltonartsystemes sowohl, als
253 1636 1327 1697 in dem Zusammentreten dieser Grenzen sich ergeben, hier
252 1705 1322 1753 nachgewiesen sind, so bleiben noch die Dreiklänge anzu¬
252 1753 1323 1802 führen, welche durch die Grenzverbindung entstehen, wenn
256 1795 1322 1860 das Tonartsystem um ein Glied in der Dreiklangsreihe
257 1852 1326 1924 (A und B 42.) nach der Unter- oder Oberdominantseite
250 1900 1324 1971 fortgerückt wird, wenn es auf der einen oder andern Seite
252 1966 1329 2019 über sein Gebiet hinaustritt. Das System wird dadurch
244 2012 1325 2076 nicht erweitert, und kann nicht erweitert werden, denn es
234 2067 1323 2120 wird, was es auf der einen Seite gewinnt, auf der entge¬
