1444 2597
642 252 679 295 9
137 346 1190 387 Moment der Entzweiung mit sich zu vermittelter Einheit
129 397 1192 443 übergeht. Dieser Process kann sich nur immer wiederholen
133 458 1194 507 an dem, was als unmittelbare Einheit gesetzt ist, oder als
133 499 1184 548 Resultat eines vorhergegangenen Processes gegeben wird.
134 555 1197 601 So wird die Einheit des Klanges mit sich selbst vermittelt
133 611 1187 651 den Dreiklang, die Einheit des Dreiklanges mit sich selbst
136 667 1190 707 vermittelt die Tonart entstehen lassen. Allein auch der
133 716 1197 755 Klang selbst ist schon eine solche aus sich getretene, mit
137 764 1187 810 sich selbst vermittelte Einheit, wie alles Wirkliche schon
136 819 1195 859 immer ein In-sich- und Ausser-sich-sein als Eins enthält
141 868 283 914 oder ist.
215 924 1187 972 Den vollen Begriff dieses Gestaltungsprocesses an ihm
135 980 1189 1020 selbst zur Anschauung bringen zu wollen, würde ein ver¬
133 1036 1191 1083 gebliches Bemühen sein. Er wird sich aber, wie wir hoffen
136 1083 1188 1125 dürfen, in seinem Wirken im Verlaufe der folgenden Unter¬
133 1133 1192 1179 suchungen bald deutlich und deutlicher heraus - und als
131 1188 1194 1231 das waltende Princip feststellen, als das Wesen jeder ver¬
135 1243 1191 1283 ständlichen Bildung und zugleich auch als das Verständniss
136 1291 518 1339 selbst für jede solche.
223 1348 1190 1395 Vom Anfange herein dürfte man vielleicht ausführli¬
128 1397 1195 1442 cheres Verweilen und beweisführende Begründung des zu¬
137 1452 1188 1499 erst nur apodiktisch Ausgesprochenen wünschen und er¬
141 1507 1189 1555 warten. So z. B. wenn gesagt wird: „es gibt drei Inter¬
134 1569 1189 1603 valle: Octav, Quint und Terz”, wenn von diesen Interval¬
137 1612 1190 1660 len gesagt wird: „sie sind unveränderlich” — ohne wei¬
138 1667 1185 1715 tere Erklärung und Rechtfertigung, warum nur drei und
131 1715 1190 1759 warum nur eben diese drei Intervalle genannt und als un¬
133 1772 1192 1818 veränderliche genannt werden, da wir doch der Intervalle
136 1820 1189 1868 mehrere und manche Veränderungen an ihnen kennen.
131 1876 1186 1922 Ebenso ist die Bedeutung, welche in den akustischen Ver¬
128 1931 1186 1979 hältnissen dieser Intervalle enthalten ist, zuerst in kürzester
131 1980 1189 2026 Fassung nur eben angesagt, und es würde eine ausführli¬
134 2044 1187 2092 chere Erörterung beim ersten Eintritt dieses Gegenstandes
133 2091 1194 2138 um so mehr verlangt werden können, als diese Betrach¬
