1444 2597
700 251 781 292 245
213 339 1268 387 die aus dem Momente der Dreizeitigkeit und der Ver¬
204 395 1267 444 bindung dieser mit sich selbst, herrührt, und die vier¬
201 452 1260 493 zeitige von der doppel-zweizeitigen Formation eben we¬
209 499 607 547 sentlich unterscheidet.
296 555 1265 603 41. Was nun den Accent höherer Ordnung im vier¬
202 611 1264 651 zeitigen Metrum betrifft, so wird auch dieser sich von dem
210 659 1265 707 des doppel-zweizeitigen verschieden ergeben. In diesem
209 715 1250 759 letzteren ist das zweite Paar gegen das erste das schlecht¬
210 763 1266 811 hin accentlose; das dritte Glied erhält daher nur eben den
203 819 1262 867 Accent als erstes in seinem Paare, an sich gleich dem
209 874 1259 931 Accente des ersten Gliedes in Bezug auf das Paar; denn
201 925 1271 971 der Gliedaccent ist unabhängig von der Bedeutung des
206 980 1262 1028 Paares: er ist in seiner Ordnung derselbe im accentuirten
208 1035 1262 1090 wie im accentlosen Paare, da er nur in der Bestimmung
206 1084 1265 1131 beruht, ein Erstes von einem Zweiten derselben Ord¬
199 1139 573 1195 nung auszuzeichnen.
296 1188 1268 1236 42. Das vierzeitige Metrum besteht in seiner Herkunft
203 1245 1166 1299 vom dreizeitigen aus drei ineinanderliegenden Paaren,
203 1460 1264 1507 deren zweites gegen das erste ein accentloses ist, das dritte
207 1508 1265 1556 aber gegen das zweite wieder ein accentuirtes wird sein
208 1571 1259 1619 müssen: denn was auf ein Letztes folgen soll, kann nur
206 1619 620 1666 wieder ein Erstes sein.
281 1667 1258 1715 Diese umgekehrte Folge wird demnächst zur ausführ¬
202 1724 1259 1771 licheren Besprechung kommen, auf welche wir hier ver¬
204 1780 488 1827 weisen müssen.
288 1828 1261 1875 Von den beiden dreizeitigen Einheiten, welche in der
196 1884 1260 1922 vierzeitigen ineinander verbunden bestehen, ist die erste
201 1939 1009 1995 wieder die accentuirte, die zweite accentlos:
