1444 2597
661 235 746 275 293
165 323 1241 368 können, das sodann für den weiteren Fortgang der Har¬
174 380 1230 428 monie verbleiben, oder wieder in ein anderes übergehen
176 436 276 483 kann.
254 485 1231 531 In gleicher Weise wird aber auch ein Accent nicht
171 540 1215 587 eine isolirte Bestimmung für sich sein, nicht ein Zeit¬
177 595 1229 636 theil als ein Einzelmoment treffen können, das in der
168 643 1232 692 Accentordnung nicht mit allen anderen einer metrischen
166 699 1222 748 Einheit in wechselseitiger Beziehung stünde. Jeder einzelne
172 747 1228 795 Accent ist allezeit im metrischen Systeme begründet: er ist
172 803 1231 851 in seiner Ordnung durch das ganze System bedingt, oder
172 859 1225 899 bedingt ein ganzes metrisches System, das bei seinem
169 908 1226 960 Eintritte vorhanden ist, oder mit ihm entsteht; sodann aber
169 964 1226 1011 auch wieder in ein anderes verwandtes übergehen kann, aus
169 1020 1220 1057 welchem neue Accente sich bestimmen; wie in der Harmo¬
171 1067 1227 1116 nie jede Umdeutung eines Accordes, oder die chromatische
167 1124 1217 1167 Veränderung eines Accordtones eine Umwandlung des Ton¬
167 1186 1171 1235 artsystemes zum Grunde hat oder eine solche begründet.
468 1291 920 1347 Rhythmus im Metrum.
248 1372 1227 1435 79. Das System der Accente, ihre Ordnung und ihr
166 1444 1218 1500 Wechsel, ist nun das, was wir vorzugsweise das Rhyth¬
172 1491 1221 1539 mische des Metrums nennen wollen: ein Ausdruck, der
164 1549 1228 1595 in dem Bisherigen noch vermieden worden ist, da es zu¬
173 1603 1224 1650 vörderst nöthig war, die Bedingungen kennen zu lernen, auf
165 1652 1222 1698 denen diese Ordnung und dieser Wechsel beruhen, die
172 1708 1222 1756 immer nur metrische Bestimmungen sind, wie die Töne
168 1763 1228 1804 der Melodie nur harmonische sein konnten. Denn es ist in
172 1812 1220 1860 dieser Bedeutung wohl das Rhythmische im Gegensatze
171 1867 1228 1916 des Metrischen zu vergleichen der Melodie im Ge¬
162 1924 641 1972 gensatze der Harmonie.
257 1972 1230 2020 Wie die melodische auf harmonischer Basis ruhende
168 2028 1217 2067 Folge, die Tonleiter, in jedem Momente ihrer Fort¬
169 2084 1219 2123 schreitung entgegengesetzte Dreiklänge zusammenschliesst:
