1444 2597
654 240 712 283 81
148 343 1207 379 selbst: es empfängt seine Bestimmungen nicht nach der
151 388 1144 435 äusseren Erscheinung; es bringt vielmehr diese hervor. —
243 444 1210 484 121. Wie wir die Dreiklangsfortschreitung an sich in
153 498 1205 546 drei Arten oder Verwandtschaftsgraden erhalten haben, so
158 539 1206 588 wird sie auch in Bezug auf die Verbindung zum Septimen¬
160 595 795 644 accorde dreifach nachzuweisen sein.
237 652 802 698 Der Dreiklang kann übergehen:
242 708 1212 748 1) in einen anderen ihm nächst anliegenden, d. h. durch
294 764 1213 811 zwei gemeinschaftliche Töne ihm verbundenen; der
291 815 1204 859 tonische Dreiklang z. B. in einen der beiden Moll¬
294 859 505 915 dreiklänge:
234 1020 1214 1066 2) in einen anderen durch einen gemeinschaftlichen
290 1076 1221 1136 Ton ihm verbundenen; der tonische in einen der
290 1123 805 1171 beiden Dominantdreiklänge:
238 1284 1209 1331 3) in einen völlig getrennten; der tonische in einen
301 1340 960 1396 der beiden verminderten Dreiklänge:
241 1497 1216 1555 Wie die beiden ersten Arten des Ueberganges sich in
154 1547 1210 1602 Bezug auf die Verbindung zum Septimenaccorde verhalten,
154 1603 1211 1644 ist im Vorigen gezeigt worden und es bleibt jetzt noch die
156 1652 1209 1699 dritte zu untersuchen: Die Septimenaccordformation des
161 1707 1211 1752 Ueberganges aus einem Dreiklange in einen anderen, wel¬
161 1762 883 1803 cher nicht verbunden mit dem ersten ist.
251 1812 1205 1860 122. Vom Dreiklange der Tonica ausgehend, führt die
161 1868 1204 1908 erste Art der Fortschreitung in den einen oder anderen Moll¬
156 1922 1204 1963 dreiklang und verbindet den tonischen und den Molldrei¬
161 1972 1217 2019 klang zum Septimenaccorde. Die zweite Art führt durch den
157 2027 1217 2067 Molldreiklang nach dem Dominantaccorde und fasst diesen
156 2088 1212 2124 zwischenliegenden Molldreiklang mit dem Dominantdrei¬
