1444 2597
745 235 825 282 394
255 324 1308 386 gesagt ist. So findet in der Tactgliederung dieselbe An¬
254 380 1308 427 wendung statt auf die Glieder der einfachsten wie der
253 435 1311 491 complicirtesten gleichmässigen Theilung: das erste Glied
256 484 1307 531 der zweitheiligen Gliederung, das erste und dritte der
249 539 1302 587 viertheiligen, das erste, dritte, fünfte und siebente der
255 588 1307 642 achttheiligen u. s. f. werden in Beziehung auf ihre Ordnung
252 643 1311 691 die Bedeutung eines normal-Ersten erhalten; und wie hier
253 700 1311 739 die ungeraden Zahlen die Normalaccente bezeichnen, so
249 755 1309 796 werden die geraden: 2, 4, 6, 8... das Accentlose oder
250 812 1120 851 synkopisch zu Accentuirende bezeichnen müssen.
336 859 1294 900 38. Wie in allem organischen Dasein allezeit das ge¬
252 914 1306 963 genseitige Ineinanderwirken entgegengesetzter Factoren als
249 963 1301 1003 Einheitsbegriff anzuerkennen ist, so dürfen wir auch hier
252 1019 1301 1059 nicht ausser Acht lassen, wenn harmonische und metrische
249 1067 1300 1114 Bedingungen einander gegenübergestellt werden, dass Bei¬
249 1115 1306 1163 des im Wesen der Wirklichkeit nur wieder dasselbe Eine
251 1172 1306 1218 nach der einen und anderen Bestimmungsseite ist, dass im
251 1235 1306 1276 concreten Ganzen das Eine vom Anderen nur verständig zu
254 1276 1302 1323 unterscheiden, nicht aber zu trennen ist. Der vorbereitete
247 1332 1301 1372 Dissonanzaccord hat nicht erst eine metrisch an sich ac¬
250 1379 1294 1433 centuirte Stelle zu suchen, sondern er ist es, der die Stelle,
246 1436 1301 1480 an welcher er steht, zu einer metrisch ersten oder accen¬
250 1484 1305 1532 tuirten bestimmt: er ist selbst, indem er harmonisch ein
250 1540 1305 1579 Zweites zur Folge haben muss, an sich ein zeitlich-Erstes.
256 1592 1300 1636 Wie aber das Sprachmetrum logischen und metrischen
251 1642 1310 1691 Accent zu verbinden hat, schwerbetonte Sylben nicht auf
250 1698 1301 1739 leichte Zeit fallen lassen darf; so wird eben auch die
249 1747 1296 1789 musikalische Metrik verlangen, dass die erstzeitige schwer¬
249 1796 1308 1843 betonte Dissonanzharmonie nicht in eine Stelle trete, die
241 1851 1308 1899 nach der metrisch natürlichen Ordnung eine accentlose
240 1908 425 1954 sein will.
