<?xml version="1.0" encoding="UTF-8" standalone="yes"?>
<PcGts xmlns="http://schema.primaresearch.org/PAGE/gts/pagecontent/2013-07-15" xmlns:xsi="http://www.w3.org/2001/XMLSchema-instance" xsi:schemaLocation="http://schema.primaresearch.org/PAGE/gts/pagecontent/2013-07-15 http://schema.primaresearch.org/PAGE/gts/pagecontent/2013-07-15/pagecontent.xsd">
    <Metadata>
        <Creator>prov=University of Rostock/Institute of Mathematics/CITlab|PLANET AI GmbH/Gundram Leifert/gundram.leifert@planet-ai.de:name=ONB_Newseye_GT_M1+(htr_id=10810)::::v=2.6.7
prov=University of Rostock/Institute of Mathematics/CITlab|PLANET AI GmbH/Tobias Gruening/tobias.gruening@planet-ai.de:name=de.uros.citlab.module.baseline2polygon.B2PSeamMultiOriented:v=2.6.7
prov=University of Rostock/Institute of Mathematics/CITlab|PLANET AI GmbH/Tobias Gruening/tobias.gruening@planet-ai.de:name=/net_tf/LA73_249_0mod360.pb:de.uros.citlab.segmentation.CITlab_LA_ML:v=2.6.6
Transkribus</Creator>
        <Created>2021-02-02T15:22:32.465+01:00</Created>
        <LastChange>2021-03-11T00:05:45.130+01:00</LastChange>
        <TranskribusMetadata docId="598856" pageId="23846476" pageNr="38" tsid="53541247" status="DONE" userId="74363" imgUrl="https://files.transkribus.eu/Get?id=ONMYLLTDKWYFGMOAMLKAZPMK&amp;fileType=view" xmlUrl="https://files.transkribus.eu/Get?id=GMHFVCRTPEZIIRLLRMDALFCT" imageId="18302942"/>
    </Metadata>
    <Page imageFilename="Hauptmann1853-0047.jpg" imageWidth="1444" imageHeight="2597" type="content">
        <ReadingOrder>
            <OrderedGroup id="ro_1624196688840" caption="Regions reading order">
                <RegionRefIndexed index="0" regionRef="TextRegion_1612369179656_4202"/>
                <RegionRefIndexed index="1" regionRef="TextRegion_1612369199808_4207"/>
            </OrderedGroup>
        </ReadingOrder>
        <TextRegion orientation="0.0" type="page-number" id="TextRegion_1612369179656_4202" custom="readingOrder {index:0;} structure {type:page-number;}">
            <Coords points="227,247 1288,247 1288,296 227,296"/>
            <TextLine id="r2l1" custom="readingOrder {index:0;}">
                <Coords points="729,282 789,284 789,239 781,240 777,236 729,236"/>
                <Baseline points="736,273 782,273"/>
                <TextEquiv>
                    <Unicode>28</Unicode>
                </TextEquiv>
            </TextLine>
            <TextEquiv>
                <Unicode>28</Unicode>
            </TextEquiv>
        </TextRegion>
        <TextRegion orientation="0.0" id="TextRegion_1612369199808_4207" custom="readingOrder {index:1;} structure {type:paragraph-continued;}">
            <Coords points="227,296 1288,296 1288,2167 227,2167"/>
            <TextLine id="r2l2" custom="readingOrder {index:0;}">
                <Coords points="309,374 1286,364 1286,340 1225,332 309,333"/>
                <Baseline points="315,368 363,367 411,366 459,366 508,365 556,365 604,365 652,365 701,365 749,365 797,365 845,365 894,365 942,366 990,366 1038,366 1087,366 1135,365 1183,365 1231,365 1280,364"/>
                <TextEquiv>
                    <Unicode>22. — Es ist für das richtige Verständniss solcher Dar¬</Unicode>
                </TextEquiv>
            </TextLine>
            <TextLine id="r2l3" custom="readingOrder {index:1;}">
                <Coords points="227,435 1273,425 1246,380 227,396"/>
                <Baseline points="234,422 285,421 337,420 388,420 440,420 492,419 543,419 595,419 646,419 698,419 750,419 801,419 853,419 904,419 956,419 1008,419 1059,419 1111,418 1162,418 1214,417 1266,416"/>
                <TextEquiv>
                    <Unicode>stellung ein für allemal zu bemerken, dass durch die Bezeich¬</Unicode>
                </TextEquiv>
            </TextLine>
            <TextLine id="r2l4" custom="readingOrder {index:2;} textStyle {offset:20; length:6;fontSize:0.0; kerning:0; letterSpaced:true;} textStyle {offset:31; length:7;fontSize:0.0; kerning:0; letterSpaced:true;} textStyle {offset:52; length:4;fontSize:0.0; kerning:0; letterSpaced:true;}">
                <Coords points="222,481 1258,483 1285,451 222,453"/>
                <Baseline points="228,476 280,475 333,474 385,474 438,473 490,473 543,473 595,473 648,473 700,473 753,473 805,473 858,473 910,473 963,473 1015,473 1068,472 1120,472 1173,471 1225,471 1278,469"/>
                <TextEquiv>
                    <Unicode>nung I—II nicht ein Erstes und Zweites, sondern das Aus¬</Unicode>
                </TextEquiv>
            </TextLine>
            <TextLine id="r2l5" custom="readingOrder {index:3;} textStyle {offset:0; length:12;fontSize:0.0; kerning:0; letterSpaced:true;}">
                <Coords points="232,539 1109,548 1291,531 1291,490 1119,516 232,499"/>
                <Baseline points="238,528 290,527 342,527 394,526 447,526 499,526 551,526 604,526 656,526 708,526 761,526 813,526 865,526 917,526 970,526 1022,526 1074,526 1127,525 1179,525 1231,524 1284,523"/>
                <TextEquiv>
                    <Unicode>einandersein entgegengesetzter Bestimmungen, durch III</Unicode>
                </TextEquiv>
            </TextLine>
            <TextLine id="r2l6" custom="readingOrder {index:4;} textStyle {offset:10; length:7;fontSize:0.0; kerning:0; letterSpaced:true;} textStyle {offset:23; length:10;fontSize:0.0; kerning:0; letterSpaced:true;} textStyle {offset:47; length:8;fontSize:0.0; kerning:0; letterSpaced:true;}">
                <Coords points="221,588 1264,587 1283,555 221,559"/>
                <Baseline points="227,581 279,580 331,580 384,579 436,579 489,579 541,579 594,579 646,579 699,579 751,579 803,579 856,580 908,580 961,580 1013,579 1066,579 1118,579 1171,578 1223,578 1276,577"/>
                <TextEquiv>
                    <Unicode>nicht ein Drittes oder Dreifaches, sondern das Ineinan¬</Unicode>
                </TextEquiv>
            </TextLine>
            <TextLine id="r2l7" custom="readingOrder {index:5;} textStyle {offset:0; length:7;fontSize:0.0; kerning:0; letterSpaced:true;}">
                <Coords points="223,642 1283,634 1222,596 223,602"/>
                <Baseline points="230,635 282,634 334,633 386,633 439,633 491,633 543,633 596,633 648,633 700,633 753,633 805,633 857,633 909,633 962,633 1014,633 1066,633 1119,632 1171,631 1223,631 1276,630"/>
                <TextEquiv>
                    <Unicode>dersein jener ausgedrückt wird. Die organische Beschaffen¬</Unicode>
                </TextEquiv>
            </TextLine>
            <TextLine id="r2l8" custom="readingOrder {index:6;}">
                <Coords points="221,696 1157,707 1280,690 1280,653 221,655"/>
                <Baseline points="227,687 279,686 331,685 383,685 436,685 488,685 540,685 593,685 645,685 697,685 750,686 802,686 854,686 906,686 959,686 1011,686 1063,686 1116,685 1168,685 1220,684 1273,682"/>
                <TextEquiv>
                    <Unicode>heit eines gegliederten Ganzen ist überhaupt so wenig durch</Unicode>
                </TextEquiv>
            </TextLine>
            <TextLine id="r2l9" custom="readingOrder {index:7;}">
                <Coords points="226,748 1276,747 1276,715 1223,701 226,708"/>
                <Baseline points="233,741 284,740 336,740 388,739 440,739 492,739 543,739 595,739 647,738 699,738 751,738 802,739 854,739 906,739 958,739 1010,739 1061,739 1113,739 1165,739 1217,739 1269,739"/>
                <TextEquiv>
                    <Unicode>Zeichen und Zahlen als durch Worte erschöpfend darzustellen;</Unicode>
                </TextEquiv>
            </TextLine>
            <TextLine id="r2l10" custom="readingOrder {index:8;}">
                <Coords points="226,803 1246,811 1285,802 1285,763 226,769"/>
                <Baseline points="232,792 284,792 336,792 388,792 441,792 493,792 545,792 598,792 650,792 702,792 755,793 807,793 859,793 911,793 964,793 1016,793 1068,793 1121,793 1173,793 1225,793 1278,792"/>
                <TextEquiv>
                    <Unicode>sie ist nur einem verständig fühlenden, d. h. vernünftigen</Unicode>
                </TextEquiv>
            </TextLine>
            <TextLine id="r2l11" custom="readingOrder {index:9;}">
                <Coords points="227,859 1287,859 1287,819 1223,811 936,836 227,813"/>
                <Baseline points="233,845 285,845 337,845 390,845 442,845 495,845 547,845 599,846 652,846 704,846 757,846 809,846 861,846 914,847 966,847 1019,847 1071,846 1123,846 1176,846 1228,846 1281,845"/>
                <TextEquiv>
                    <Unicode>Entgegenkommen, das den in Zeichen, Zahlen und Worte</Unicode>
                </TextEquiv>
            </TextLine>
            <TextLine id="r2l12" custom="readingOrder {index:10;}">
                <Coords points="224,923 1282,908 1282,876 1167,860 224,876"/>
                <Baseline points="231,899 283,899 335,898 387,898 439,898 492,898 544,898 596,899 648,899 700,899 753,899 805,899 857,900 909,900 961,900 1014,900 1066,900 1118,899 1170,899 1222,899 1275,898"/>
                <TextEquiv>
                    <Unicode>gebannten lebendigen Gedanken lebendig zu reproduciren</Unicode>
                </TextEquiv>
            </TextLine>
            <TextLine id="r2l13" custom="readingOrder {index:11;}">
                <Coords points="238,963 1264,963 1278,927 238,931"/>
                <Baseline points="244,953 295,952 346,952 398,952 449,952 501,952 552,952 603,952 655,952 706,953 758,953 809,953 860,953 912,953 963,953 1015,953 1066,952 1117,952 1169,952 1220,951 1272,951"/>
                <TextEquiv>
                    <Unicode>vermag, geistig anzudeuten. Denn wo man in nicht auszu¬</Unicode>
                </TextEquiv>
            </TextLine>
            <TextLine id="r2l14" custom="readingOrder {index:12;}">
                <Coords points="229,1022 1281,1027 1281,982 1248,972 229,980"/>
                <Baseline points="235,1005 289,1005 344,1005 399,1005 453,1005 508,1005 563,1005 617,1005 672,1005 727,1005 781,1005 836,1005 891,1005 945,1005 1000,1005 1055,1005 1109,1006 1164,1006 1219,1006 1274,1006"/>
                <TextEquiv>
                    <Unicode>sprechenden Dingen nur an der Wortbedeutung haften wollte,</Unicode>
                </TextEquiv>
            </TextLine>
            <TextLine id="r2l15" custom="readingOrder {index:13;}">
                <Coords points="234,1067 1285,1067 1245,1019 1140,1048 1088,1020 234,1028"/>
                <Baseline points="240,1059 291,1058 343,1058 395,1058 447,1058 499,1058 551,1058 603,1058 655,1058 707,1058 759,1059 810,1059 862,1059 914,1059 966,1059 1018,1060 1070,1059 1122,1059 1174,1059 1226,1058 1278,1057"/>
                <TextEquiv>
                    <Unicode>da würde überall nur Widerspruch und Zweifel, nie der</Unicode>
                </TextEquiv>
            </TextLine>
            <TextLine id="r2l16" custom="readingOrder {index:14;}">
                <Coords points="234,1122 1286,1130 1286,1090 1207,1076 234,1076"/>
                <Baseline points="240,1111 292,1112 344,1112 396,1113 448,1113 500,1113 552,1113 604,1113 656,1113 708,1113 760,1113 812,1113 864,1112 916,1112 968,1112 1020,1112 1072,1113 1124,1113 1176,1113 1228,1114 1280,1115"/>
                <TextEquiv>
                    <Unicode>lebendige Sinn aufgehen können. Der Begriff von Verbindung,</Unicode>
                </TextEquiv>
            </TextLine>
            <TextLine id="r2l17" custom="readingOrder {index:15;} textStyle {offset:27; length:11;fontSize:0.0; kerning:0; letterSpaced:true;}">
                <Coords points="224,1178 1288,1176 1255,1131 224,1131"/>
                <Baseline points="231,1166 283,1166 336,1166 388,1166 441,1166 493,1166 546,1166 598,1166 651,1166 703,1166 756,1166 809,1166 861,1166 914,1166 966,1166 1019,1166 1071,1166 1124,1166 1176,1166 1229,1166 1282,1166"/>
                <TextEquiv>
                    <Unicode>im Sinne der Terz, ist ein Unendliches. Das akustische</Unicode>
                </TextEquiv>
            </TextLine>
            <TextLine id="r2l18" custom="readingOrder {index:16;} textStyle {offset:1; length:13;fontSize:0.0; kerning:0; letterSpaced:true;}">
                <Coords points="224,1227 1290,1226 1290,1196 1215,1188 224,1195"/>
                <Baseline points="231,1218 283,1218 336,1218 388,1218 441,1218 494,1218 546,1218 599,1218 651,1219 704,1219 757,1219 809,1219 862,1219 914,1219 967,1219 1020,1219 1072,1219 1125,1219 1177,1220 1230,1220 1283,1220"/>
                <TextEquiv>
                    <Unicode>„Zwei mal Zwei” des Terzintervalles enthält in seinem</Unicode>
                </TextEquiv>
            </TextLine>
            <TextLine id="r2l19" custom="readingOrder {index:17;} textStyle {offset:1; length:8;fontSize:0.0; kerning:0; letterSpaced:true;} textStyle {offset:44; length:8;fontSize:0.0; kerning:0; letterSpaced:true;}">
                <Coords points="231,1284 1264,1283 1274,1248 231,1249"/>
                <Baseline points="237,1271 288,1271 340,1271 391,1271 443,1272 494,1272 546,1272 597,1272 649,1272 700,1273 752,1273 803,1273 855,1273 906,1273 958,1273 1009,1273 1061,1273 1112,1273 1164,1273 1215,1273 1267,1273"/>
                <TextEquiv>
                    <Unicode>„Zwei mal” des Multiplicators eben auch die Zweiheit</Unicode>
                </TextEquiv>
            </TextLine>
            <TextLine id="r2l20" custom="readingOrder {index:18;} textStyle {offset:49; length:4;fontSize:0.0; kerning:0; letterSpaced:true;}">
                <Coords points="226,1339 1262,1347 1285,1300 226,1305"/>
                <Baseline points="233,1326 285,1326 337,1326 389,1325 442,1325 494,1325 546,1325 598,1326 651,1326 703,1326 755,1326 807,1326 860,1326 912,1326 964,1326 1016,1326 1069,1327 1121,1327 1173,1327 1225,1327 1278,1327"/>
                <TextEquiv>
                    <Unicode>oder die Trennung der Einheit, wie es in seinem „Zwei,” </Unicode>
                </TextEquiv>
            </TextLine>
            <TextLine id="r2l21" custom="readingOrder {index:19;} textStyle {offset:24; length:7;fontSize:0.0; kerning:0; letterSpaced:true;}">
                <Coords points="233,1388 1293,1386 1254,1348 233,1353"/>
                <Baseline points="240,1379 292,1379 344,1379 396,1379 449,1379 501,1379 553,1379 606,1379 658,1379 710,1379 763,1380 815,1380 867,1380 919,1380 972,1380 1024,1380 1076,1380 1129,1380 1181,1380 1233,1380 1286,1379"/>
                <TextEquiv>
                    <Unicode>als Multiplicanden, die Einheit, oder die Verbindung der</Unicode>
                </TextEquiv>
            </TextLine>
            <TextLine id="r2l22" custom="readingOrder {index:20;} textStyle {offset:0; length:8;fontSize:0.0; kerning:0; letterSpaced:true;}">
                <Coords points="224,1443 1285,1441 1285,1409 1229,1395 224,1403"/>
                <Baseline points="231,1434 283,1433 335,1433 388,1433 440,1433 492,1433 545,1433 597,1433 649,1433 702,1433 754,1433 806,1433 859,1433 911,1434 963,1434 1016,1434 1068,1434 1120,1434 1173,1434 1225,1433 1278,1433"/>
                <TextEquiv>
                    <Unicode>Zweiheit, enthält. Sollte nur dies Letztere darin enhalten</Unicode>
                </TextEquiv>
            </TextLine>
            <TextLine id="r2l23" custom="readingOrder {index:21;} textStyle {offset:14; length:10;fontSize:0.0; kerning:0; letterSpaced:true;}">
                <Coords points="227,1499 1215,1507 1284,1499 1284,1459 227,1465"/>
                <Baseline points="233,1487 285,1487 337,1487 389,1487 442,1487 494,1487 546,1487 598,1487 651,1487 703,1487 755,1487 807,1487 860,1487 912,1487 964,1487 1016,1487 1069,1487 1121,1487 1173,1487 1225,1487 1278,1487"/>
                <TextEquiv>
                    <Unicode>sein, nur die Verbindung, so würde dessen Anderes, die</Unicode>
                </TextEquiv>
            </TextLine>
            <TextLine id="r2l24" custom="readingOrder {index:22;} textStyle {offset:0; length:8;fontSize:0.0; kerning:0; letterSpaced:true;} textStyle {offset:21; length:10;fontSize:0.0; kerning:0; letterSpaced:true;}">
                <Coords points="231,1553 1286,1548 1264,1507 231,1509"/>
                <Baseline points="237,1540 289,1540 341,1540 393,1540 445,1540 497,1540 549,1540 602,1540 654,1540 706,1540 758,1539 810,1539 862,1539 914,1539 967,1540 1019,1540 1071,1540 1123,1540 1175,1540 1227,1540 1280,1540"/>
                <TextEquiv>
                    <Unicode>Trennung fehlen, die Verbindung würde ihren Gegensatz</Unicode>
                </TextEquiv>
            </TextLine>
            <TextLine id="r2l25" custom="readingOrder {index:23;}">
                <Coords points="222,1600 1249,1603 1279,1569 222,1573"/>
                <Baseline points="229,1594 281,1594 333,1594 385,1594 437,1594 490,1594 542,1594 594,1594 646,1594 698,1594 751,1594 803,1594 855,1594 907,1594 959,1594 1012,1594 1064,1594 1116,1594 1168,1594 1220,1594 1273,1593"/>
                <TextEquiv>
                    <Unicode>noch ausser sich haben und wäre damit wieder nur eine ein¬</Unicode>
                </TextEquiv>
            </TextLine>
            <TextLine id="r2l26" custom="readingOrder {index:24;}">
                <Coords points="234,1659 1260,1659 1273,1621 234,1625"/>
                <Baseline points="240,1647 291,1647 342,1647 394,1647 445,1647 496,1647 548,1647 599,1647 650,1647 702,1647 753,1647 804,1647 856,1647 907,1648 958,1648 1010,1648 1061,1648 1112,1648 1164,1648 1215,1648 1267,1648"/>
                <TextEquiv>
                    <Unicode>seitige Bestimmung, was dem Begriffe der Terz, der das Ent¬</Unicode>
                </TextEquiv>
            </TextLine>
            <TextLine id="r2l27" custom="readingOrder {index:25;} textStyle {offset:20; length:12;fontSize:0.0; kerning:0; letterSpaced:true;} textStyle {offset:41; length:12;fontSize:0.0; kerning:0; letterSpaced:true;}">
                <Coords points="229,1723 1277,1723 1285,1674 230,1677"/>
                <Baseline points="236,1701 288,1700 340,1700 392,1700 444,1700 496,1700 548,1700 600,1700 652,1700 704,1700 757,1700 809,1701 861,1701 913,1701 965,1701 1017,1701 1069,1702 1121,1702 1173,1702 1225,1702 1278,1702"/>
                <TextEquiv>
                    <Unicode>gegengesetzte nicht ausschliesst sondern einschliesst,</Unicode>
                </TextEquiv>
            </TextLine>
            <TextLine id="r2l28" custom="readingOrder {index:26;}">
                <Coords points="227,1762 1128,1772 1293,1763 1293,1730 227,1732"/>
                <Baseline points="234,1753 286,1753 339,1753 391,1753 444,1753 497,1753 549,1753 602,1753 654,1753 707,1754 760,1754 812,1754 865,1754 917,1755 970,1755 1023,1755 1075,1755 1128,1755 1180,1755 1233,1755 1286,1755"/>
                <TextEquiv>
                    <Unicode>selbst entgegen sein würde. Wie aber dieser Begriff, indem er</Unicode>
                </TextEquiv>
            </TextLine>
            <TextLine id="r2l29" custom="readingOrder {index:27;}">
                <Coords points="223,1818 1286,1819 1240,1772 223,1786"/>
                <Baseline points="230,1808 282,1808 334,1808 387,1807 439,1807 492,1807 544,1807 597,1808 649,1808 702,1808 754,1808 806,1808 859,1809 911,1809 964,1809 1016,1809 1069,1809 1121,1809 1174,1809 1226,1809 1279,1809"/>
                <TextEquiv>
                    <Unicode>auch Verbindung und Trennung zu verbinden hat, nur in dem</Unicode>
                </TextEquiv>
            </TextLine>
            <TextLine id="r2l30" custom="readingOrder {index:28;}">
                <Coords points="229,1876 1199,1883 1295,1874 1295,1829 229,1835"/>
                <Baseline points="236,1861 288,1861 341,1861 393,1861 446,1861 499,1861 551,1861 604,1861 656,1861 709,1861 762,1861 814,1861 867,1862 919,1862 972,1862 1025,1862 1077,1862 1130,1863 1182,1863 1235,1863 1288,1863"/>
                <TextEquiv>
                    <Unicode>unendlich fortgesetzten Uebertreten in das Gegentheil, und</Unicode>
                </TextEquiv>
            </TextLine>
            <TextLine id="r2l31" custom="readingOrder {index:29;}">
                <Coords points="226,1923 1282,1939 1282,1893 1195,1883 226,1893"/>
                <Baseline points="232,1915 284,1915 336,1915 388,1916 440,1915 492,1915 544,1915 597,1915 649,1915 701,1915 753,1915 805,1915 857,1915 909,1915 962,1915 1014,1915 1066,1915 1118,1916 1170,1916 1222,1917 1275,1918"/>
                <TextEquiv>
                    <Unicode>dem Zusammennehmen aller Gegensätze erfüllt werden kann,</Unicode>
                </TextEquiv>
            </TextLine>
            <TextLine id="r2l32" custom="readingOrder {index:30;}">
                <Coords points="222,1975 1286,1979 1253,1932 222,1947"/>
                <Baseline points="229,1968 281,1968 334,1967 386,1967 439,1967 491,1967 544,1967 596,1968 649,1968 701,1968 754,1968 807,1968 859,1969 912,1969 964,1969 1017,1969 1069,1969 1122,1970 1174,1970 1227,1970 1280,1970"/>
                <TextEquiv>
                    <Unicode>so ist er eben als ein unendlicher Process und damit als der</Unicode>
                </TextEquiv>
            </TextLine>
            <TextLine id="r2l33" custom="readingOrder {index:31;}">
                <Coords points="224,2034 1287,2035 1287,1994 1180,1987 224,1987"/>
                <Baseline points="231,2018 283,2019 335,2020 388,2020 440,2021 493,2021 545,2021 598,2021 650,2021 703,2022 755,2022 807,2022 860,2022 912,2022 965,2022 1017,2022 1070,2022 1122,2022 1175,2023 1227,2023 1280,2023"/>
                <TextEquiv>
                    <Unicode>Begriff des ewig Werdenden, Lebendigen oder Wirklichen zu</Unicode>
                </TextEquiv>
            </TextLine>
            <TextLine id="r2l34" custom="readingOrder {index:32;}">
                <Coords points="221,2082 1288,2075 1195,2043 221,2049"/>
                <Baseline points="228,2076 280,2076 333,2076 386,2076 438,2075 491,2075 544,2075 596,2075 649,2075 702,2075 755,2075 807,2075 860,2075 913,2075 965,2075 1018,2075 1071,2074 1123,2074 1176,2074 1229,2074 1282,2074"/>
                <TextEquiv>
                    <Unicode>fassen, als die Natur, die aus der Ureinheit als Zweiheit her¬</Unicode>
                </TextEquiv>
            </TextLine>
            <TextLine id="r2l35" custom="readingOrder {index:33;}">
                <Coords points="227,2135 1293,2139 1265,2091 227,2106"/>
                <Baseline points="234,2128 286,2129 339,2129 391,2129 444,2129 497,2130 549,2130 602,2130 654,2130 707,2130 760,2129 812,2129 865,2129 917,2129 970,2129 1023,2129 1075,2129 1128,2129 1180,2129 1233,2129 1286,2130"/>
                <TextEquiv>
                    <Unicode>vorgegangen, in fortwirkender Thätigkeit ihre Gegensätze in</Unicode>
                </TextEquiv>
            </TextLine>
            <TextEquiv>
                <Unicode>22. — Es ist für das richtige Verständniss solcher Dar¬&#13;
stellung ein für allemal zu bemerken, dass durch die Bezeich¬&#13;
nung I—II nicht ein Erstes und Zweites, sondern das Aus¬&#13;
einandersein entgegengesetzter Bestimmungen, durch III&#13;
nicht ein Drittes oder Dreifaches, sondern das Ineinan¬&#13;
dersein jener ausgedrückt wird. Die organische Beschaffen¬&#13;
heit eines gegliederten Ganzen ist überhaupt so wenig durch&#13;
Zeichen und Zahlen als durch Worte erschöpfend darzustellen;&#13;
sie ist nur einem verständig fühlenden, d. h. vernünftigen&#13;
Entgegenkommen, das den in Zeichen, Zahlen und Worte&#13;
gebannten lebendigen Gedanken lebendig zu reproduciren&#13;
vermag, geistig anzudeuten. Denn wo man in nicht auszu¬&#13;
sprechenden Dingen nur an der Wortbedeutung haften wollte,&#13;
da würde überall nur Widerspruch und Zweifel, nie der&#13;
lebendige Sinn aufgehen können. Der Begriff von Verbindung,&#13;
im Sinne der Terz, ist ein Unendliches. Das akustische&#13;
„Zwei mal Zwei” des Terzintervalles enthält in seinem&#13;
„Zwei mal” des Multiplicators eben auch die Zweiheit&#13;
oder die Trennung der Einheit, wie es in seinem „Zwei,” &#13;
als Multiplicanden, die Einheit, oder die Verbindung der&#13;
Zweiheit, enthält. Sollte nur dies Letztere darin enhalten&#13;
sein, nur die Verbindung, so würde dessen Anderes, die&#13;
Trennung fehlen, die Verbindung würde ihren Gegensatz&#13;
noch ausser sich haben und wäre damit wieder nur eine ein¬&#13;
seitige Bestimmung, was dem Begriffe der Terz, der das Ent¬&#13;
gegengesetzte nicht ausschliesst sondern einschliesst,&#13;
selbst entgegen sein würde. Wie aber dieser Begriff, indem er&#13;
auch Verbindung und Trennung zu verbinden hat, nur in dem&#13;
unendlich fortgesetzten Uebertreten in das Gegentheil, und&#13;
dem Zusammennehmen aller Gegensätze erfüllt werden kann,&#13;
so ist er eben als ein unendlicher Process und damit als der&#13;
Begriff des ewig Werdenden, Lebendigen oder Wirklichen zu&#13;
fassen, als die Natur, die aus der Ureinheit als Zweiheit her¬&#13;
vorgegangen, in fortwirkender Thätigkeit ihre Gegensätze in</Unicode>
            </TextEquiv>
        </TextRegion>
    </Page>
</PcGts>
