1444 2597
698 237 774 283 270
289 340 1096 385 Wenn wir nun später die metrische Bildung:
213 500 1282 547 dreizeitig mit aufführen, so geschieht es, in Betreff der
217 549 1262 603 organischen Beschaffenheit und der Betonung derselben,
215 603 1277 659 allezeit mit Bezugnahme auf die hier gegebene Erklärung
213 663 497 707 dieses Metrums.
493 760 977 811 d) Im vierzeitigen Metrum.
294 828 1266 875 64. Das wesentlich vierzeitige Metrum, d. h. dasje¬
210 884 1271 931 nige, welches nicht nur in einer Wiederholung des zwei¬
205 948 1268 995 zeitigen besteht, sondern in einer durch das dreizeitige
213 988 1258 1042 hindurchgegangenen Formation, wird, als accentuirtes,
207 1050 1268 1091 auch die Bedingungen seines Werdens und Gewordenseins
210 1098 1275 1140 an sich müssen wahrnehmen lassen, und durch diese eben
210 1148 1078 1194 sich von dem doppel-zweizeitigen unterscheiden.
294 1204 1276 1251 Die doppel-zweizeitige Formation besteht eben nur in
210 1267 658 1299 einem Paare von Paaren:
203 1388 1260 1432 sie trägt, wenn wir durchaus positive Natur der Glieder¬
204 1437 1265 1481 ung annehmen, den Gliedaccent auf der ersten und dritten
208 1492 985 1541 Zeit, den Accent des Paares auf der ersten.
293 1659 1269 1706 Die vierzeitige Formation ist noch etwas Anderes als
212 1724 1265 1763 ein Paar von Paaren, und wenn wir sie, ihrer extensiven
209 1772 1251 1819 Beschaffenheit nach, als eine doppel-zweizeitige betrach¬
212 1821 1270 1867 ten können, so ist eine wesentliche Verschiedenheit dieser
203 1876 1269 1923 Formation gegen die vorige, die doppel-zweizeitige, schon
212 1931 1263 1979 darin enthalten, dass in der vierzeitigen die zweite Hälfte
210 1979 1272 2027 des Ganzen nicht ein Glied entgegengesetzter Qualität
201 2035 1266 2083 zu der ersten ist, wenigstens nicht nothwendig zu sein
201 2091 1261 2133 braucht; es gehen vielmehr diejenigen Accentbestimmun¬
