1444 2597
697 250 785 291 174
209 339 1270 388 die zwei Moll- und zwei Durtonarten, an welchen er Theil
208 396 724 444 nimmt, vierfache Bedeutung.
300 442 1264 491 258. Der verminderte Dreiklang der siebenten Stufe
209 500 1269 555 bildet nur ein Verwandtschaftsmoment für die gleichnamige
212 556 1264 603 Dur- und Molltonart, sowie für die Moll-Durtonart desselben
204 605 1269 652 Namens. Der verminderte Dreiklang der zweiten Stufe der
206 662 1271 707 Molltonart ist nur in der gleichnamigen Moll-Durtonart
208 717 1267 763 wieder enthalten. In der Durtonart kann der verminderte
212 763 1274 811 Dreiklang dieser Stelle seiner Beschaffenheit nach nur in
211 819 728 876 einem Systeme Platz finden.
294 875 1274 916 259. In der mehrfachen Bedeutung der Accorde liegt
212 927 1269 972 die Möglichkeit des Ueberganges aus einer Tonart in die
205 980 1271 1025 andere, die sich aber erst verwirklichen kann, wenn die
209 1036 1279 1082 veränderte Bedeutung durch Folge und Zusammenklang
213 1084 1269 1132 deutlich hervorgetreten und die neu zu ergreifende Tonart
213 1139 1264 1195 in dem, wodurch sie von der ersten sich unterscheidet,
213 1188 1279 1235 bezeichnet ist. So wird der Uebergang aus der C-Durtonart
211 1243 821 1291 nach der G-Durtonart, welcher in
205 1428 1278 1467 durch die Dreiklänge C-e-G-h-D vermittelt ist, nur durch
209 1476 1270 1523 das Auftreten der Oberdominantterz der letzteren, durch
205 1531 1011 1586 fis; der Uebergang nach der F-Durtonart, in
202 1708 1275 1754 durch die Dreiklänge F-a-C-e-G vermittelt, nur durch die
213 1764 1279 1811 Einführung des Unterdominantgrundtones, B; der Ueber¬
202 1819 774 1862 gang nach der A-Molltonart, in
213 1988 1278 2035 durch die Dreiklänge F-a-C-e vermittelt, nur durch gis, die
211 2044 1276 2095 Oberdominantterz der neuen Tonart, und der Uebergang
204 2091 684 2147 nach der E-Molltonart, in
