1444 2597
636 227 741 269 275
237 451 1213 490 71. Ferner ist für die Vierzeitigkeit noch die Be¬
156 507 1221 555 stimmung heranzuziehen, nach welcher ihre dreimal-
157 572 1215 620 zweizeitige Bildung in durchaus positiver, oder durchaus
153 612 724 661 negativer Folge ineinanderliegt.
243 668 1218 715 In der positiven Gestalt aller drei Ordnungen sehen
160 716 1028 763 wir daraus die stufenweis abnehmenden Accente
158 948 1218 995 hervorgehen; in der durchaus negativen sind die Accente
153 1004 584 1051 stufenweis zunehmend:
239 1220 1211 1268 72. Bei der zuletzt noch möglichen Bestimmung, dass
159 1276 1210 1324 die Paare im Ganzen in gleicher Folge, in ihren Gliedern
158 1331 1213 1378 aber entgegengesetzt sich zu einander verhalten, woraus
154 1380 1212 1427 abermals acht von den früheren verschiedene Accentuationen
159 1435 1207 1483 hervorgehen, wird die Betonung sich ebenfalls, wie in der
155 1492 1207 1532 vorletzt besprochenen Bildung, nur als eine doppel-zwei¬
153 1540 1209 1587 zeitige ergeben können; denn es entbehrt hier wie dort das
149 1595 804 1645 zweite Glied der Doppelbestimmung.
238 1651 1207 1698 73. Dass wir aber im vierzeitigen Metrum sechszehn
152 1700 1209 1747 verschiedene Accentbestimmungen erhalten sollen, welche
151 1756 1207 1796 mit denen des doppel-zweizeitigen zusammenfallen, wäh¬
158 1805 1207 1850 rend dieses selbst doch nur vier verschiedene Formen der¬
154 1861 1206 1915 selben aufzuweisen hat, darf nicht als ein Widerspruch
149 1923 1202 1956 erscheinen: jene sechszehn Formen können im Resultate
146 1969 1203 2020 diesen vier Formen gleich, der inneren Bedingung ihres
147 2019 1205 2067 Werdens nach aber doch wieder vierfach verschieden sein.
136 2082 1213 2116 Im doppel-zweizeitigen Metrum werden, wie im vierzeiti¬
