1444 2597
652 223 730 268 239
165 315 1223 363 Verbindung des vorbereitenden, des dissonirenden und
167 372 1221 412 des auflösenden Accordes der mittlere eben auch das Mo¬
169 427 1220 467 ment der Doppelbedeutung, der Entzweiung mit sich, wie
165 475 489 520 die Quint enthält.
247 531 1222 572 28. So ist bei dem Uebergange aus dem C-Durdrei¬
167 580 1221 629 klange in den G-Durdreiklang in der durch C vorbereite¬
168 636 1215 675 ten Dissonanz C-D, die sich nach h-D auflöset; der ver¬
165 691 1217 732 mittelnde Ton G in der Vorbereitung Quint; in der Disso¬
157 740 1150 794 nanz Quint und Grundton; in der Auflösung Grundton:
243 923 1228 964 Beim Uebergange aus dem G-Durdreiklange in den
163 976 1217 1019 C-Durdreiklang ist in der durch D vorbereiteten Dissonanz
156 1029 1222 1075 D-e, die sich nach C-e auflöset, der vermittelnde Ton G
156 1083 1226 1123 in der Vorbereitung Grundton; in der Dissonanz Grundton
165 1131 803 1179 und Quint; in der Auflösung Quint:
245 1292 1220 1348 In beiden Fällen ist das mittlere Moment in eben dem
163 1356 1216 1405 Sinne entgegengesetzt bestimmt, wie in der metrisch-drei¬
164 1411 503 1467 gliedrigen Einheit:
160 1634 1220 1675 die, wie wir bald sehen werden, eben auch in der Be¬
164 1683 633 1740 deutung des ersten Falles:
161 1907 604 1947 wird erscheinen können.
251 1956 1220 2003 29. Wie das dritte Evolutionsmoment in der Vierzei¬
153 2012 1213 2053 tigkeit die Trennung des ersten und zweiten Gliedes, wie¬
162 2068 1216 2107 der aufhebt, für deren erstes unmittelbare Eins-sein aber
