<?xml version="1.0" encoding="UTF-8" standalone="yes"?>
<PcGts xmlns="http://schema.primaresearch.org/PAGE/gts/pagecontent/2013-07-15" xmlns:xsi="http://www.w3.org/2001/XMLSchema-instance" xsi:schemaLocation="http://schema.primaresearch.org/PAGE/gts/pagecontent/2013-07-15 http://schema.primaresearch.org/PAGE/gts/pagecontent/2013-07-15/pagecontent.xsd">
    <Metadata>
        <Creator>prov=University of Rostock/Institute of Mathematics/CITlab|PLANET AI GmbH/Gundram Leifert/gundram.leifert@planet-ai.de:name=ONB_Newseye_GT_M1+(htr_id=10810)::::v=2.6.7
prov=University of Rostock/Institute of Mathematics/CITlab|PLANET AI GmbH/Tobias Gruening/tobias.gruening@planet-ai.de:name=de.uros.citlab.module.baseline2polygon.B2PSeamMultiOriented:v=2.6.7
prov=University of Rostock/Institute of Mathematics/CITlab|PLANET AI GmbH/Tobias Gruening/tobias.gruening@planet-ai.de:name=/net_tf/LA73_249_0mod360.pb:de.uros.citlab.segmentation.CITlab_LA_ML:v=2.6.6
Transkribus</Creator>
        <Created>2021-02-02T15:22:35.643+01:00</Created>
        <LastChange>2021-03-14T16:14:36.435+01:00</LastChange>
        <TranskribusMetadata docId="598856" pageId="23846635" pageNr="126" tsid="53669152" status="DONE" userId="74363" imgUrl="https://files.transkribus.eu/Get?id=NFISYYYEZXACEGGJLYPWGRCC&amp;fileType=view" xmlUrl="https://files.transkribus.eu/Get?id=IXFOZVSEDKFIFXAJNVEYHJEP" imageId="18303101"/>
    </Metadata>
    <Page imageFilename="Hauptmann1853-0135.jpg" imageWidth="1444" imageHeight="2597" type="content">
        <ReadingOrder>
            <OrderedGroup id="ro_1624196701571" caption="Regions reading order">
                <RegionRefIndexed index="0" regionRef="TextRegion_1612562033512_480"/>
                <RegionRefIndexed index="1" regionRef="TextRegion_1612562033512_479"/>
                <RegionRefIndexed index="2" regionRef="TextRegion_1612562027406_473"/>
                <RegionRefIndexed index="4" regionRef="TextRegion_1612562014874_465"/>
            </OrderedGroup>
        </ReadingOrder>
        <TextRegion orientation="0.0" type="page-number" id="TextRegion_1612562033512_480" custom="readingOrder {index:0;} structure {type:page-number;}">
            <Coords points="169,225 1237,225 1237,282 169,282"/>
            <TextLine id="r1l1" custom="readingOrder {index:0;}">
                <Coords points="652,248 661,249 673,261 681,262 691,256 699,262 718,260 724,264 730,259 736,259 737,219 675,220 669,221 661,229 652,229"/>
                <Baseline points="659,251 694,255 730,252"/>
                <TextEquiv>
                    <Unicode>116</Unicode>
                </TextEquiv>
            </TextLine>
            <TextEquiv>
                <Unicode>116</Unicode>
            </TextEquiv>
        </TextRegion>
        <TextRegion orientation="0.0" type="paragraph" id="TextRegion_1612562033512_479" custom="readingOrder {index:1;} structure {type:paragraph;}">
            <Coords points="169,282 1237,282 1237,1147 169,1147"/>
            <TextLine id="r1l2" custom="readingOrder {index:0;}">
                <Coords points="176,363 1216,354 1216,317 1064,308 176,316"/>
                <Baseline points="183,347 234,347 285,347 337,347 388,347 439,347 491,347 542,347 593,347 645,346 696,346 747,346 799,346 850,346 901,346 953,346 1004,346 1055,346 1107,346 1158,346 1210,346"/>
                <TextEquiv>
                    <Unicode>Oberdominantterz mit dem Grundtone des Unterdominant¬</Unicode>
                </TextEquiv>
            </TextLine>
            <TextLine id="r1l3" custom="readingOrder {index:1;}">
                <Coords points="168,411 1227,419 1227,371 1109,363 168,374"/>
                <Baseline points="175,401 227,400 279,400 331,400 384,400 436,400 488,400 540,399 593,399 645,399 697,399 749,399 802,399 854,399 906,399 958,399 1011,399 1063,399 1115,399 1167,399 1220,400"/>
                <TextEquiv>
                    <Unicode>dreiklanges äussert, so ist sie doch in derselben Bedeutung</Unicode>
                </TextEquiv>
            </TextLine>
            <TextLine id="r1l4" custom="readingOrder {index:2;}">
                <Coords points="172,467 711,474 1207,458 1227,433 171,428"/>
                <Baseline points="178,454 230,453 282,453 334,452 386,452 438,452 490,451 542,451 594,451 646,451 699,451 751,451 803,451 855,451 907,451 959,451 1011,451 1063,451 1115,451 1167,450 1220,450"/>
                <TextEquiv>
                    <Unicode>auch in dem Zusammenklange der Quint des Oberdomi¬</Unicode>
                </TextEquiv>
            </TextLine>
            <TextLine id="r1l5" custom="readingOrder {index:3;}">
                <Coords points="162,510 1221,522 1221,477 1151,468 162,486"/>
                <Baseline points="169,507 221,506 273,506 325,506 378,506 430,506 482,506 534,506 587,506 639,505 691,505 743,505 796,505 848,505 900,505 952,505 1005,505 1057,505 1109,504 1161,504 1214,504"/>
                <TextEquiv>
                    <Unicode>nantdreiklanges mit dem letztgenannten Tone enthalten;</Unicode>
                </TextEquiv>
            </TextLine>
            <TextLine id="r1l6" custom="readingOrder {index:4;}">
                <Coords points="165,568 1034,579 1226,562 1226,526 165,533"/>
                <Baseline points="171,559 223,559 275,559 328,559 380,559 433,559 485,558 537,558 590,558 642,558 695,558 747,558 799,558 852,558 904,558 957,558 1009,558 1061,557 1114,557 1166,557 1219,557"/>
                <TextEquiv>
                    <Unicode>nur ist die Dissonanz dieser beiden Töne weniger deutlich</Unicode>
                </TextEquiv>
            </TextLine>
            <TextLine id="r1l7" custom="readingOrder {index:5;}">
                <Coords points="173,619 1225,619 1190,573 325,602 173,580"/>
                <Baseline points="179,610 233,611 288,611 343,611 397,611 452,611 507,611 561,611 616,611 671,610 725,610 780,610 835,610 889,610 944,610 999,610 1053,610 1108,610 1163,609 1218,609"/>
                <TextEquiv>
                    <Unicode>fühlbar, indem wir die Quint der Oberdominant mit der</Unicode>
                </TextEquiv>
            </TextLine>
            <TextLine id="r1l8" custom="readingOrder {index:6;}">
                <Coords points="174,676 1228,675 1202,627 174,627"/>
                <Baseline points="180,664 232,664 284,664 336,664 388,664 440,664 492,664 544,664 596,664 648,663 700,663 752,663 804,663 856,663 908,663 960,662 1012,662 1064,662 1116,662 1168,661 1221,661"/>
                <TextEquiv>
                    <Unicode>Unterterz der Unterdominant zu verwechseln versucht sein</Unicode>
                </TextEquiv>
            </TextLine>
            <TextLine id="r1l9" custom="readingOrder {index:7;} textStyle {offset:33; length:1;italic:true; fontSize:0.0; kerning:0;} textStyle {offset:39; length:1;italic:true; fontSize:0.0; kerning:0;}">
                <Coords points="168,731 1225,722 1192,684 168,683"/>
                <Baseline points="175,717 227,716 279,716 331,716 383,716 436,716 488,716 540,716 592,716 644,716 697,716 749,716 801,716 853,716 905,716 958,716 1010,716 1062,716 1114,716 1166,715 1219,715"/>
                <TextEquiv>
                    <Unicode>können. In der C-Durtonart z. B. D mit d; daher der</Unicode>
                </TextEquiv>
            </TextLine>
            <TextLine id="r1l10" custom="readingOrder {index:8;} textStyle {offset:7; length:5;italic:true; fontSize:0.0; kerning:0;}">
                <Coords points="175,780 1228,778 1228,741 1151,732 175,732"/>
                <Baseline points="181,769 233,769 285,768 337,768 389,768 441,768 493,768 545,768 597,768 649,768 701,769 753,769 805,769 857,769 909,769 961,769 1013,769 1065,769 1117,769 1169,769 1222,768"/>
                <TextEquiv>
                    <Unicode>Accord D|F-a, wo er nicht durch die Umgebung bestimmt</Unicode>
                </TextEquiv>
            </TextLine>
            <TextLine id="r1l11" custom="readingOrder {index:9;} textStyle {offset:38; length:5;italic:true; fontSize:0.0; kerning:0;}">
                <Coords points="175,835 1001,843 1233,828 1233,793 175,796"/>
                <Baseline points="181,819 233,820 285,820 337,820 390,821 442,821 494,821 546,821 599,821 651,821 703,821 755,821 808,821 860,821 912,821 964,821 1017,821 1069,821 1121,821 1173,821 1226,821"/>
                <TextEquiv>
                    <Unicode>wird, leicht für den d-Molldreiklang, d-F-a, zu nehmen</Unicode>
                </TextEquiv>
            </TextLine>
            <TextLine id="r1l12" custom="readingOrder {index:10;} textStyle {offset:40; length:5;italic:true; fontSize:0.0; kerning:0;}">
                <Coords points="169,884 1038,899 1231,883 1231,851 168,844"/>
                <Baseline points="175,874 227,874 279,874 332,874 384,874 437,874 489,874 542,874 594,874 647,874 699,874 751,874 804,874 856,874 909,874 961,874 1014,874 1066,873 1119,873 1171,873 1224,873"/>
                <TextEquiv>
                    <Unicode>ist, und an sich weniger wie der Accord h-D|F, als ein</Unicode>
                </TextEquiv>
            </TextLine>
            <TextLine id="r1l13" custom="readingOrder {index:11;}">
                <Coords points="179,938 1230,930 1174,891 179,900"/>
                <Baseline points="186,925 237,925 289,925 341,925 393,926 445,926 497,926 549,927 601,927 653,927 705,927 756,927 808,927 860,927 912,927 964,926 1016,926 1068,925 1120,925 1172,924 1224,923"/>
                <TextEquiv>
                    <Unicode>verminderter erscheint. In der Molltonart kann diese Ver¬</Unicode>
                </TextEquiv>
            </TextLine>
            <TextLine id="r1l14" custom="readingOrder {index:12;}">
                <Coords points="175,986 1233,987 1233,947 175,955"/>
                <Baseline points="181,976 233,977 285,978 337,979 390,979 442,980 494,980 547,980 599,980 651,980 704,980 756,979 808,979 860,979 913,979 965,979 1017,979 1070,979 1122,979 1174,979 1227,980"/>
                <TextEquiv>
                    <Unicode>wechslung nicht stattfinden, indem hier der Unterschied</Unicode>
                </TextEquiv>
            </TextLine>
            <TextLine id="r1l15" custom="readingOrder {index:13;} textStyle {offset:4; length:6;italic:true; fontSize:0.0; kerning:0;} textStyle {offset:15; length:8;italic:true; fontSize:0.0; kerning:0;} textStyle {offset:41; length:5;italic:true; fontSize:0.0; kerning:0;}">
                <Coords points="172,1043 1234,1043 1234,994 669,1023 583,996 172,1004"/>
                <Baseline points="179,1029 231,1030 283,1030 336,1031 388,1031 441,1032 493,1032 546,1032 598,1032 651,1032 703,1032 755,1032 808,1032 860,1032 913,1031 965,1031 1018,1031 1070,1031 1123,1032 1175,1032 1228,1032"/>
                <TextEquiv>
                    <Unicode>von D|F-as und des-F-as, welcher dem von D|F-a und</Unicode>
                </TextEquiv>
            </TextLine>
            <TextLine id="r1l16" custom="readingOrder {index:14;} textStyle {offset:0; length:5;italic:true; fontSize:0.0; kerning:0;}">
                <Coords points="177,1094 1233,1084 1188,1052 177,1059"/>
                <Baseline points="183,1083 235,1083 287,1084 339,1084 391,1084 443,1085 495,1085 548,1085 600,1085 652,1085 704,1085 756,1085 808,1085 860,1085 913,1085 965,1085 1017,1085 1069,1085 1121,1085 1173,1085 1226,1084"/>
                <TextEquiv>
                    <Unicode>d-F-a in der Durtonart correlativ ist, genugsam in das Ge¬</Unicode>
                </TextEquiv>
            </TextLine>
            <TextLine id="line_1612562027434_477" custom="readingOrder {index:15;}">
                <Coords points="176,1143 233,1143 240,1135 250,1143 330,1143 330,1110 309,1109 299,1101 279,1101 270,1107 256,1099 239,1116 225,1109 198,1107 192,1101 176,1101"/>
                <Baseline points="182,1138 210,1138 238,1138 267,1138 295,1138 324,1138"/>
                <TextEquiv>
                    <Unicode>hör fällt.</Unicode>
                </TextEquiv>
            </TextLine>
            <TextEquiv>
                <Unicode>Oberdominantterz mit dem Grundtone des Unterdominant¬&#13;
dreiklanges äussert, so ist sie doch in derselben Bedeutung&#13;
auch in dem Zusammenklange der Quint des Oberdomi¬&#13;
nantdreiklanges mit dem letztgenannten Tone enthalten;&#13;
nur ist die Dissonanz dieser beiden Töne weniger deutlich&#13;
fühlbar, indem wir die Quint der Oberdominant mit der&#13;
Unterterz der Unterdominant zu verwechseln versucht sein&#13;
können. In der C-Durtonart z. B. D mit d; daher der&#13;
Accord D|F-a, wo er nicht durch die Umgebung bestimmt&#13;
wird, leicht für den d-Molldreiklang, d-F-a, zu nehmen&#13;
ist, und an sich weniger wie der Accord h-D|F, als ein&#13;
verminderter erscheint. In der Molltonart kann diese Ver¬&#13;
wechslung nicht stattfinden, indem hier der Unterschied&#13;
von D|F-as und des-F-as, welcher dem von D|F-a und&#13;
d-F-a in der Durtonart correlativ ist, genugsam in das Ge¬&#13;
hör fällt.</Unicode>
            </TextEquiv>
        </TextRegion>
        <TextRegion orientation="0.0" type="paragraph" id="TextRegion_1612562027406_473" custom="readingOrder {index:2;} structure {type:paragraph;}">
            <Coords points="169,1147 1237,1147 1237,1577 169,1577"/>
            <TextLine id="r1l18" custom="readingOrder {index:0;}">
                <Coords points="262,1200 1240,1201 1240,1160 1201,1156 262,1155"/>
                <Baseline points="269,1188 317,1188 365,1188 413,1189 461,1189 510,1189 558,1189 606,1190 654,1190 702,1190 751,1190 799,1190 847,1190 895,1190 943,1190 992,1190 1040,1190 1088,1190 1136,1190 1184,1190 1233,1190"/>
                <TextEquiv>
                    <Unicode>172. In dem Zusammenklange der Terz und Quint der</Unicode>
                </TextEquiv>
            </TextLine>
            <TextLine id="r1l19" custom="readingOrder {index:1;}">
                <Coords points="175,1252 1220,1252 1233,1211 175,1212"/>
                <Baseline points="182,1241 234,1241 286,1241 338,1242 391,1242 443,1242 495,1242 547,1242 600,1243 652,1243 704,1243 756,1243 809,1243 861,1243 913,1243 965,1243 1018,1243 1070,1244 1122,1244 1174,1244 1227,1244"/>
                <TextEquiv>
                    <Unicode>Oberdominant mit dem Unterdominantgrundtone und</Unicode>
                </TextEquiv>
            </TextLine>
            <TextLine id="r1l20" custom="readingOrder {index:2;} textStyle {offset:16; length:7;italic:true; fontSize:0.0; kerning:0;}">
                <Coords points="178,1307 1238,1307 1238,1273 1190,1259 718,1260 685,1285 178,1263"/>
                <Baseline points="185,1295 237,1295 289,1295 341,1295 394,1295 446,1295 498,1295 551,1295 603,1295 655,1295 708,1295 760,1295 812,1295 864,1295 917,1295 969,1296 1021,1296 1074,1296 1126,1296 1178,1296 1231,1297"/>
                <TextEquiv>
                    <Unicode>dessen Terz, in h-D|F-a, sind die Grenzintervalle des</Unicode>
                </TextEquiv>
            </TextLine>
            <TextLine id="r1l21" custom="readingOrder {index:3;}">
                <Coords points="173,1353 1241,1358 1209,1315 174,1316"/>
                <Baseline points="180,1347 232,1347 285,1347 338,1347 390,1347 443,1347 496,1347 548,1347 601,1347 654,1347 707,1348 759,1348 812,1348 865,1348 917,1348 970,1348 1023,1348 1075,1349 1128,1349 1181,1350 1234,1350"/>
                <TextEquiv>
                    <Unicode>Tonartsystemes zusammengetreten. Wir müssen uns in</Unicode>
                </TextEquiv>
            </TextLine>
            <TextLine id="r1l22" custom="readingOrder {index:4;} textStyle {offset:18; length:7;italic:true; fontSize:0.0; kerning:0;} textStyle {offset:42; length:14;fontSize:0.0; kerning:0; letterSpaced:true;}">
                <Coords points="177,1410 1239,1411 1239,1373 1173,1363 1092,1392 1065,1366 177,1371"/>
                <Baseline points="184,1400 236,1400 288,1400 341,1400 393,1401 446,1401 498,1401 550,1401 603,1401 655,1401 708,1401 760,1401 812,1401 865,1401 917,1402 970,1402 1022,1402 1074,1402 1127,1402 1179,1402 1232,1402"/>
                <TextEquiv>
                    <Unicode>dieser Verbindung h-D|F-a den Begriff des in sich selbst</Unicode>
                </TextEquiv>
            </TextLine>
            <TextLine id="r1l23" custom="readingOrder {index:5;} textStyle {offset:0; length:11;fontSize:0.0; kerning:0; letterSpaced:true;} textStyle {offset:39; length:6;fontSize:0.0; kerning:0; letterSpaced:true;}">
                <Coords points="179,1462 1241,1463 1241,1433 1109,1419 179,1429"/>
                <Baseline points="186,1452 238,1453 290,1453 343,1454 395,1454 448,1454 500,1454 552,1454 605,1454 657,1454 710,1454 762,1454 814,1454 867,1454 919,1454 972,1454 1024,1454 1076,1454 1129,1455 1181,1455 1234,1456"/>
                <TextEquiv>
                    <Unicode>verwendeten Tonartsystemes denken. Die Grenze</Unicode>
                </TextEquiv>
            </TextLine>
            <TextLine id="r1l24" custom="readingOrder {index:6;} textStyle {offset:0; length:9;fontSize:0.0; kerning:0; letterSpaced:true;} textStyle {offset:14; length:5;fontSize:0.0; kerning:0; letterSpaced:true;} textStyle {offset:38; length:14;fontSize:0.0; kerning:0; letterSpaced:true;}">
                <Coords points="174,1512 1244,1514 1230,1475 174,1483"/>
                <Baseline points="181,1504 233,1505 286,1505 339,1506 392,1506 445,1506 497,1507 550,1507 603,1507 656,1507 709,1507 761,1507 814,1507 867,1507 920,1508 973,1508 1025,1508 1078,1508 1131,1509 1184,1509 1237,1510"/>
                <TextEquiv>
                    <Unicode>verbunden als Mitte gesetzt, wird die Mitte getrennt</Unicode>
                </TextEquiv>
            </TextLine>
            <TextLine id="r1l25" custom="readingOrder {index:7;} textStyle {offset:4; length:6;fontSize:0.0; kerning:0; letterSpaced:true;}">
                <Coords points="180,1571 768,1571 744,1533 654,1524 180,1530"/>
                <Baseline points="187,1559 215,1559 244,1559 273,1559 301,1559 330,1559 359,1559 387,1559 416,1559 445,1559 474,1559 502,1559 531,1559 560,1559 588,1559 617,1560 646,1560 674,1560 703,1560 732,1560 761,1561"/>
                <TextEquiv>
                    <Unicode>als Grenze heraustreten lassen.</Unicode>
                </TextEquiv>
            </TextLine>
            <TextEquiv>
                <Unicode>172. In dem Zusammenklange der Terz und Quint der&#13;
Oberdominant mit dem Unterdominantgrundtone und&#13;
dessen Terz, in h-D|F-a, sind die Grenzintervalle des&#13;
Tonartsystemes zusammengetreten. Wir müssen uns in&#13;
dieser Verbindung h-D|F-a den Begriff des in sich selbst&#13;
verwendeten Tonartsystemes denken. Die Grenze&#13;
verbunden als Mitte gesetzt, wird die Mitte getrennt&#13;
als Grenze heraustreten lassen.</Unicode>
            </TextEquiv>
        </TextRegion>
        <GraphicRegion id="Graphic_1612562068564_486" custom="readingOrder {index:3;} structure {type:floating;}">
            <Coords points="169,1577 1237,1577 1237,1742 169,1742"/>
        </GraphicRegion>
        <TextRegion orientation="0.0" id="TextRegion_1612562014874_465" custom="readingOrder {index:4;} structure {type:paragraph-continued;}">
            <Coords points="169,1742 1237,1742 1237,2004 169,2004"/>
            <TextLine id="r1l30" custom="readingOrder {index:0;} textStyle {offset:28; length:7;italic:true; fontSize:0.0; kerning:0;}">
                <Coords points="269,1795 1228,1790 1228,1761 1031,1748 911,1772 854,1748 269,1747"/>
                <Baseline points="275,1785 322,1785 369,1785 416,1785 464,1785 511,1785 558,1785 606,1785 653,1785 700,1785 748,1786 795,1786 842,1786 889,1786 937,1786 984,1786 1031,1787 1079,1787 1126,1787 1173,1787 1221,1787"/>
                <TextEquiv>
                    <Unicode>Hier bezieht sich die Mitte h-D|F-a, als Septimenac¬</Unicode>
                </TextEquiv>
            </TextLine>
            <TextLine id="r1l31" custom="readingOrder {index:1;} textStyle {offset:25; length:3;italic:true; fontSize:0.0; kerning:0;}">
                <Coords points="178,1845 1239,1843 1214,1811 989,1803 178,1812"/>
                <Baseline points="184,1839 236,1838 288,1838 341,1837 393,1837 446,1837 498,1837 550,1838 603,1838 655,1838 708,1838 760,1839 812,1839 865,1839 917,1839 970,1839 1022,1839 1074,1839 1127,1838 1179,1838 1232,1836"/>
                <TextEquiv>
                    <Unicode>cord, in ihrer Dissonanz h—a auf die Mitte des unverwen¬</Unicode>
                </TextEquiv>
            </TextLine>
            <TextLine id="r1l32" custom="readingOrder {index:2;} textStyle {offset:20; length:1;italic:true; fontSize:0.0; kerning:0;} textStyle {offset:27; length:4;fontSize:0.0; kerning:0; letterSpaced:true;}">
                <Coords points="183,1899 1239,1890 1169,1859 545,1852 476,1881 183,1852"/>
                <Baseline points="190,1891 242,1890 294,1890 346,1889 398,1889 450,1889 502,1890 554,1890 606,1890 658,1890 711,1891 763,1891 815,1891 867,1892 919,1892 971,1892 1023,1892 1075,1892 1127,1891 1179,1891 1232,1890"/>
                <TextEquiv>
                    <Unicode>deten Systemes, auf e, die Terz des tonischen Dreiklan¬</Unicode>
                </TextEquiv>
            </TextLine>
            <TextLine id="r1l33" custom="readingOrder {index:3;} textStyle {offset:19; length:1;italic:true; fontSize:0.0; kerning:0;} textStyle {offset:25; length:1;italic:true; fontSize:0.0; kerning:0;}">
                <Coords points="180,1963 1232,1946 1168,1908 180,1918"/>
                <Baseline points="187,1943 238,1943 290,1943 342,1943 394,1943 446,1943 498,1943 550,1944 602,1944 654,1944 706,1945 757,1945 809,1945 861,1945 913,1946 965,1946 1017,1946 1069,1946 1121,1945 1173,1945 1225,1945"/>
                <TextEquiv>
                    <Unicode>ges, welches durch h und a aus der verbindenden Terz¬</Unicode>
                </TextEquiv>
            </TextLine>
            <TextLine id="line_1612561995473_453" custom="readingOrder {index:4;}">
                <Coords points="173,2002 246,2004 257,2011 325,2004 344,2018 372,2019 373,1971 309,1972 301,1964 256,1971 249,1963 210,1972 198,1964 173,1968"/>
                <Baseline points="180,1995 206,1996 233,1997 259,1997 286,1998 312,1998 339,1997 366,1997"/>
                <TextEquiv>
                    <Unicode>bedeutung</Unicode>
                </TextEquiv>
            </TextLine>
            <TextEquiv>
                <Unicode>Hier bezieht sich die Mitte h-D|F-a, als Septimenac¬&#13;
cord, in ihrer Dissonanz h—a auf die Mitte des unverwen¬&#13;
deten Systemes, auf e, die Terz des tonischen Dreiklan¬&#13;
ges, welches durch h und a aus der verbindenden Terz¬&#13;
bedeutung</Unicode>
            </TextEquiv>
        </TextRegion>
        <GraphicRegion id="Graphic_1612562102225_494" custom="readingOrder {index:5;} structure {type:floating;}">
            <Coords points="169,2004 1237,2004 1237,2121 169,2121"/>
        </GraphicRegion>
    </Page>
</PcGts>
