1444 2597
673 219 751 266 213
260 314 1236 364 314. Wie in der Aufeinanderfolge der beiden Domi¬
181 364 414 418 nantaccorde,
185 508 1246 555 ein liegender, die harmonische Bedeutung wechselnder
185 563 1240 610 Ton nicht vorhanden ist, so sucht die Verbindung sich
185 621 1238 659 dadurch herzustellen, dass mit dem Unterdominantaccorde
177 667 1249 714 der vermittelnde verminderte Dreiklang D|F-a zugleich
185 723 1243 771 auftritt, aus welchem der Grundton D im Oberdominant¬
183 772 617 819 accorde zur Quint wird:
176 996 1248 1035 oder dass der Grundton des Unterdominantaccordes als
177 1043 1241 1091 Quint des verminderten Dreiklanges h-D|F zu dem Ober¬
177 1099 707 1142 dominantaccorde fortbesteht:
172 1324 1240 1370 und mit ihm den zu entschiedenem Schlusse führenden
180 1379 1232 1427 Dominantseptimenaccord bildet. Im Zusammenklange der
185 1436 1238 1491 Oberdominantterz mit dem Unterdominantgrundtone ist so¬
177 1484 1237 1531 dann auch die Nöthigung für jene erstere enthalten, in
188 1540 1233 1588 den tonischen Grundton zu treten. Daher auch in der ersten
177 1587 1223 1635 Form, F-a-C-D...G-h-D, in welcher F und a in G zusam¬
184 1657 1237 1699 mentreten würden, der Ton F, welcher hier als liegen¬
180 1699 1235 1747 der im Oberdominantdreiklange nicht vorhanden ist, als
177 1763 1238 1796 nachschlagende Septime sich dem Accorde wird verbinden
179 1812 1243 1859 wollen, um den Leitton aufwärts zu nöthigen; so dass
186 1853 1240 1908 diese Schlussform auch in vierstimmiger Harmonie lieber
185 1907 1229 1955 die Quint des Schlussaccordes, als die Septime des Ober¬
177 1963 646 2012 dominantaccordes aufgibt.
267 2019 1235 2067 315. Es ist früher schon (238), wenn auch nur andeu¬
174 2076 1238 2116 tend, des Orgelpunctes gedacht worden; auch hier ist
