1444 2597
664 226 731 275 139
246 323 1221 380 So ist die Dissonanz des Septimenaccordes der Tonica,
170 381 1229 426 C-e-G-h, eine härtere, als die des Septimenaccordes der
166 427 1227 475 Unterdominant, F-a-C-e; wiewohl beide Septimenaccorde
169 484 1225 531 an sich von ganz gleicher Beschaffenheit sind, und wird
167 531 1213 580 die härteste sein im tonischen Septimenaccorde der Moll¬
169 588 1223 641 tonart: C-es-G-h; denn es ist die Auflösungsfortschreitung
167 637 1223 689 im ersten h..a, 9:8; im zweiten e..D, 10:9, und
164 691 1222 747 würde im dritten die melodisch ganz unvermittelte h..as,
164 747 1230 795 75:64 sein müssen; weshalb dieser Accord innerhalb der
164 796 1220 841 Tonart auch gar nicht mit absteigender Septime aufzulö¬
169 852 1213 906 sen ist. Aehnliche Septimenaccorde, wie F-a-C-e, C-e-G-h,
161 907 1222 947 oder: a-C-e-G, e-G-h-D, sind auch dadurch wieder ver¬
164 955 1220 1002 schiedener Wirkung, dass sie bei der Auflösung zu ver¬
163 1012 878 1067 schiedener Art von Dreiklängen führen:
168 1324 1225 1370 so dass zu dem Dissonanzverhältnisse, zu der Art der
169 1379 1227 1427 auflösenden Stimmenfortschreitung auch diese Folgebeding¬
160 1436 1220 1483 ung den Septimenaccord zu characterisiren mit inbegriffen
163 1483 351 1531 sein wird.
247 1532 1220 1579 211. — Die Untersuchung und Auseinandersetzung eines
162 1588 1220 1635 Dissonanzzustandes, in sich und seinen zeitlichen Umgeb¬
160 1651 1224 1691 ungen, wird für jeden bestimmten einzelnen Fall sich eben
164 1692 1218 1746 so bestimmt darlegen lassen, als es unmöglich sein würde,
158 1747 1226 1795 für das Vorkommen aller möglichen Erscheinungen etwas
166 1799 1218 1846 formell-Allgemeines oder schematisch-Uebersichtliches auf¬
168 1861 1233 1899 zustellen. Die Mannigfaltigkeit der Formation ist auch in
165 1907 1187 1956 den Grenzen des gesetzlich-Bestimmten eine unendliche. —
162 1956 1228 2003 Wie mannigfach der Septimenaccord schon innerhalb seiner
159 2011 1222 2059 Tonart vorzubereiten und aufzulösen ist, so gibt noch die
162 2066 1222 2115 Mehrdeutigkeit des Accordes, sein Vorhandensein in meh¬
