<?xml version="1.0" encoding="UTF-8" standalone="yes"?>
<PcGts xmlns="http://schema.primaresearch.org/PAGE/gts/pagecontent/2013-07-15" xmlns:xsi="http://www.w3.org/2001/XMLSchema-instance" xsi:schemaLocation="http://schema.primaresearch.org/PAGE/gts/pagecontent/2013-07-15 http://schema.primaresearch.org/PAGE/gts/pagecontent/2013-07-15/pagecontent.xsd">
    <Metadata>
        <Creator>prov=University of Rostock/Institute of Mathematics/CITlab|PLANET AI GmbH/Gundram Leifert/gundram.leifert@planet-ai.de:name=ONB_Newseye_GT_M1+(htr_id=10810)::::v=2.6.7
prov=University of Rostock/Institute of Mathematics/CITlab|PLANET AI GmbH/Tobias Gruening/tobias.gruening@planet-ai.de:name=de.uros.citlab.module.baseline2polygon.B2PSeamMultiOriented:v=2.6.7
prov=University of Rostock/Institute of Mathematics/CITlab|PLANET AI GmbH/Tobias Gruening/tobias.gruening@planet-ai.de:name=/net_tf/LA73_249_0mod360.pb:de.uros.citlab.segmentation.CITlab_LA_ML:v=2.6.6
Transkribus</Creator>
        <Created>2021-02-02T15:22:40.996+01:00</Created>
        <LastChange>2021-03-22T15:11:41.988+01:00</LastChange>
        <TranskribusMetadata docId="764523" pageId="28719268" pageNr="342" tsid="63342752" status="NEW" userId="74363" imgUrl="https://files.transkribus.eu/Get?id=NSWYZRHQFWUHNFGHIRDZHMVB&amp;fileType=view" xmlUrl="https://files.transkribus.eu/Get?id=UDXIUXYLTCNWFBDLERRFHWBQ" imageId="22439773"/>
    </Metadata>
    <Page imageFilename="Hauptmann1853-0351.jpg" imageWidth="1444" imageHeight="2597" type="content">
        <ReadingOrder>
            <OrderedGroup id="ro_1630595929418" caption="Regions reading order">
                <RegionRefIndexed index="0" regionRef="TextRegion_1612905289462_5210"/>
                <RegionRefIndexed index="1" regionRef="TextRegion_1612905289462_5209"/>
                <RegionRefIndexed index="2" regionRef="TextRegion_1612905286600_5205"/>
                <RegionRefIndexed index="3" regionRef="TextRegion_1612905283891_5201"/>
            </OrderedGroup>
        </ReadingOrder>
        <TextRegion orientation="0.0" type="page-number" id="TextRegion_1612905289462_5210" custom="readingOrder {index:0;} structure {type:page-number;}">
            <Coords points="229,221 1290,221 1290,278 229,278"/>
            <TextLine id="r1l1" custom="readingOrder {index:0;}">
                <Coords points="724,251 732,251 740,257 748,253 758,256 765,253 768,255 770,252 775,256 807,253 807,210 724,212"/>
                <Baseline points="730,247 765,248 800,247"/>
                <TextEquiv>
                    <Unicode>332</Unicode>
                </TextEquiv>
            </TextLine>
            <TextEquiv>
                <Unicode>332</Unicode>
            </TextEquiv>
        </TextRegion>
        <TextRegion orientation="0.0" type="paragraph" id="TextRegion_1612905289462_5209" custom="readingOrder {index:1;} structure {type:paragraph;}">
            <Coords points="229,278 1290,278 1290,1271 229,1271"/>
            <TextLine id="r1l2" custom="readingOrder {index:0;}">
                <Coords points="237,346 1289,339 1243,308 910,299 692,327 662,299 237,313"/>
                <Baseline points="244,337 298,337 353,338 408,338 462,338 517,338 572,338 626,338 681,338 736,338 790,338 845,338 900,338 954,338 1009,338 1064,339 1118,339 1173,339 1228,339 1283,339"/>
                <TextEquiv>
                    <Unicode>zweiten Accordtone auf, er trennt ihre harmonische Ein¬</Unicode>
                </TextEquiv>
            </TextLine>
            <TextLine id="r1l3" custom="readingOrder {index:1;}">
                <Coords points="229,399 1294,402 1271,356 1077,382 999,355 229,359"/>
                <Baseline points="235,389 287,389 340,390 392,390 445,390 498,391 550,391 603,391 656,391 708,391 761,391 814,391 866,391 919,391 972,391 1024,391 1077,391 1130,391 1182,392 1235,392 1288,392"/>
                <TextEquiv>
                    <Unicode>heit. Der dritte Ton dieser melodischen Figur, welcher in</Unicode>
                </TextEquiv>
            </TextLine>
            <TextLine id="r1l4" custom="readingOrder {index:2;} textStyle {offset:24; length:4;italic:true; fontSize:0.0; kerning:0;}">
                <Coords points="242,450 1287,467 1297,420 242,404"/>
                <Baseline points="248,441 300,442 352,443 404,443 456,444 508,444 560,445 612,445 664,445 716,445 769,445 821,445 873,445 925,445 977,445 1029,445 1081,445 1133,445 1185,445 1237,445 1290,445"/>
                <TextEquiv>
                    <Unicode>der unmittelbaren Folge C..e nur harmonischer Nachklang</Unicode>
                </TextEquiv>
            </TextLine>
            <TextLine id="r1l5" custom="readingOrder {index:3;}">
                <Coords points="231,507 1294,507 1294,472 1103,460 231,469"/>
                <Baseline points="238,492 290,493 342,495 395,496 447,497 500,497 552,498 605,498 657,498 710,498 762,498 814,498 867,497 919,497 972,497 1024,497 1077,497 1129,497 1182,497 1234,497 1287,498"/>
                <TextEquiv>
                    <Unicode>des ersten ist und damit eine secundäre Bedeutung zu</Unicode>
                </TextEquiv>
            </TextLine>
            <TextLine id="r1l6" custom="readingOrder {index:4;}">
                <Coords points="231,556 1261,563 1293,524 231,524"/>
                <Baseline points="237,547 289,547 341,548 394,548 446,548 499,549 551,549 604,549 656,549 709,550 761,550 813,550 866,550 918,550 971,550 1023,550 1076,550 1128,550 1181,549 1233,549 1286,549"/>
                <TextEquiv>
                    <Unicode>diesem hat, wird nach dem zweiten nicht-harmonischen</Unicode>
                </TextEquiv>
            </TextLine>
            <TextLine id="r1l7" custom="readingOrder {index:5;}">
                <Coords points="228,611 1286,603 1263,565 228,575"/>
                <Baseline points="235,600 287,600 339,601 391,602 443,602 496,602 548,603 600,603 652,603 704,603 757,603 809,603 861,603 913,603 965,603 1018,602 1070,602 1122,602 1174,601 1226,601 1279,600"/>
                <TextEquiv>
                    <Unicode>als neuauftretendes Accordmoment auch wieder eine pri¬</Unicode>
                </TextEquiv>
            </TextLine>
            <TextLine id="r1l8" custom="readingOrder {index:6;}">
                <Coords points="230,662 1281,663 1281,630 1166,619 230,627"/>
                <Baseline points="236,652 287,653 339,653 391,654 443,654 495,655 547,655 599,655 651,655 703,656 755,656 806,656 858,656 910,656 962,656 1014,655 1066,655 1118,655 1170,655 1222,655 1274,654"/>
                <TextEquiv>
                    <Unicode>märe Bedeutung erhalten: eben wie die Kürze der un¬</Unicode>
                </TextEquiv>
            </TextLine>
            <TextLine id="r1l9" custom="readingOrder {index:7;}">
                <Coords points="234,723 1285,716 1264,676 234,683"/>
                <Baseline points="240,706 291,707 343,707 395,707 447,708 499,708 551,708 603,708 655,708 707,708 759,708 810,708 862,708 914,708 966,708 1018,708 1070,707 1122,707 1174,707 1226,706 1278,706"/>
                <TextEquiv>
                    <Unicode>gleichzeitigen Gliederung gegen die ihr vorangesetzte klei¬</Unicode>
                </TextEquiv>
            </TextLine>
            <TextLine id="r1l10" custom="readingOrder {index:8;}">
                <Coords points="228,767 1284,778 1284,731 1167,724 228,736"/>
                <Baseline points="235,757 287,758 339,759 391,759 443,760 495,760 547,761 600,761 652,761 704,762 756,762 808,762 860,762 912,761 965,761 1017,761 1069,761 1121,761 1173,761 1225,760 1278,760"/>
                <TextEquiv>
                    <Unicode>nere Kürze wieder als Länge, d. h. in primärer Bedeutung</Unicode>
                </TextEquiv>
            </TextLine>
            <TextLine id="r1l11" custom="readingOrder {index:9;}">
                <Coords points="228,817 1276,815 1226,779 228,790"/>
                <Baseline points="235,808 286,810 338,811 390,812 442,813 493,814 545,814 597,814 649,814 700,814 752,814 804,814 856,814 907,813 959,813 1011,813 1063,813 1114,813 1166,813 1218,813 1270,814"/>
                <TextEquiv>
                    <Unicode>erscheint, ohne die secundäre gegen die erste Länge aufzu¬</Unicode>
                </TextEquiv>
            </TextLine>
            <TextLine id="r1l12" custom="readingOrder {index:10;}">
                <Coords points="232,883 1287,875 1287,841 1142,826 232,835"/>
                <Baseline points="239,863 291,864 343,864 395,865 447,865 499,866 551,866 603,866 655,867 707,867 760,867 812,867 864,867 916,867 968,867 1020,866 1072,866 1124,866 1176,866 1228,865 1281,865"/>
                <TextEquiv>
                    <Unicode>geben; und wie hier das Zwischenmoment nur auf das letzte</Unicode>
                </TextEquiv>
            </TextLine>
            <TextLine id="r1l13" custom="readingOrder {index:11;}">
                <Coords points="236,922 1290,928 1290,891 1142,884 236,884"/>
                <Baseline points="243,914 295,916 347,917 399,918 451,918 503,919 555,919 607,919 659,920 711,920 763,920 815,920 867,919 919,919 971,919 1023,919 1075,919 1127,919 1179,918 1231,918 1283,918"/>
                <TextEquiv>
                    <Unicode>Beziehung hat und sich mit diesem zusammenschliesst, so</Unicode>
                </TextEquiv>
            </TextLine>
            <TextLine id="r1l14" custom="readingOrder {index:12;}">
                <Coords points="234,979 1293,979 1293,932 426,961 234,932"/>
                <Baseline points="240,966 292,968 344,969 396,970 449,971 501,971 553,972 606,972 658,973 710,973 763,973 815,973 867,973 919,973 972,972 1024,972 1076,972 1129,971 1181,971 1233,971 1286,971"/>
                <TextEquiv>
                    <Unicode>lässt sich auch der durchgehende Ton von dem darauf</Unicode>
                </TextEquiv>
            </TextLine>
            <TextLine id="r1l15" custom="readingOrder {index:13;}">
                <Coords points="227,1027 1286,1034 1286,986 766,988 699,1016 227,991"/>
                <Baseline points="233,1020 285,1021 337,1022 390,1022 442,1023 494,1024 547,1024 599,1025 651,1025 704,1025 756,1025 808,1025 861,1025 913,1025 965,1025 1018,1025 1070,1025 1122,1024 1175,1024 1227,1023 1280,1023"/>
                <TextEquiv>
                    <Unicode>folgenden nicht trennen: es lässt sich zwischen ihm und</Unicode>
                </TextEquiv>
            </TextLine>
            <TextLine id="r1l16" custom="readingOrder {index:14;}">
                <Coords points="228,1083 1180,1099 1292,1074 1216,1044 228,1048"/>
                <Baseline points="235,1074 287,1075 340,1075 392,1076 445,1076 497,1077 550,1077 602,1077 655,1078 707,1078 760,1078 813,1078 865,1078 918,1078 970,1078 1023,1077 1075,1077 1128,1076 1180,1075 1233,1075 1286,1074"/>
                <TextEquiv>
                    <Unicode>dem folgenden kein Abschnitt setzen, mit dem durchgehen¬</Unicode>
                </TextEquiv>
            </TextLine>
            <TextLine id="r1l17" custom="readingOrder {index:15;}">
                <Coords points="228,1137 1290,1139 1290,1099 228,1103"/>
                <Baseline points="235,1126 287,1126 339,1127 392,1128 444,1128 497,1129 549,1129 602,1130 654,1130 707,1130 759,1131 811,1131 864,1131 916,1131 969,1130 1021,1130 1074,1130 1126,1129 1179,1129 1231,1128 1284,1127"/>
                <TextEquiv>
                    <Unicode>den Tone so wenig schliessen, als mit der Kürze der Kürze</Unicode>
                </TextEquiv>
            </TextLine>
            <TextLine id="r1l18" custom="readingOrder {index:16;}">
                <Coords points="232,1187 1290,1186 1275,1148 647,1147 606,1173 232,1149"/>
                <Baseline points="238,1179 290,1180 342,1180 394,1181 447,1181 499,1182 551,1182 603,1183 656,1183 708,1183 760,1183 812,1183 865,1183 917,1183 969,1183 1021,1183 1074,1182 1126,1182 1178,1181 1230,1181 1283,1180"/>
                <TextEquiv>
                    <Unicode>im ungleichzeitigen, oder mit einem entschieden metrisch</Unicode>
                </TextEquiv>
            </TextLine>
            <TextLine id="r1l19" custom="readingOrder {index:17;}">
                <Coords points="233,1242 791,1259 1004,1243 1005,1219 233,1204"/>
                <Baseline points="239,1232 278,1233 318,1233 358,1234 398,1234 438,1234 478,1235 518,1235 558,1235 598,1235 638,1235 678,1235 718,1236 758,1236 798,1236 838,1236 878,1236 918,1236 958,1236 998,1236"/>
                <TextEquiv>
                    <Unicode>zweiten Momente im gleichzeitigen Metrum.</Unicode>
                </TextEquiv>
            </TextLine>
            <TextEquiv>
                <Unicode>zweiten Accordtone auf, er trennt ihre harmonische Ein¬&#13;
heit. Der dritte Ton dieser melodischen Figur, welcher in&#13;
der unmittelbaren Folge C..e nur harmonischer Nachklang&#13;
des ersten ist und damit eine secundäre Bedeutung zu&#13;
diesem hat, wird nach dem zweiten nicht-harmonischen&#13;
als neuauftretendes Accordmoment auch wieder eine pri¬&#13;
märe Bedeutung erhalten: eben wie die Kürze der un¬&#13;
gleichzeitigen Gliederung gegen die ihr vorangesetzte klei¬&#13;
nere Kürze wieder als Länge, d. h. in primärer Bedeutung&#13;
erscheint, ohne die secundäre gegen die erste Länge aufzu¬&#13;
geben; und wie hier das Zwischenmoment nur auf das letzte&#13;
Beziehung hat und sich mit diesem zusammenschliesst, so&#13;
lässt sich auch der durchgehende Ton von dem darauf&#13;
folgenden nicht trennen: es lässt sich zwischen ihm und&#13;
dem folgenden kein Abschnitt setzen, mit dem durchgehen¬&#13;
den Tone so wenig schliessen, als mit der Kürze der Kürze&#13;
im ungleichzeitigen, oder mit einem entschieden metrisch&#13;
zweiten Momente im gleichzeitigen Metrum.</Unicode>
            </TextEquiv>
        </TextRegion>
        <TextRegion orientation="0.0" type="heading" id="TextRegion_1612905286600_5205" custom="readingOrder {index:2;} structure {type:heading;}">
            <Coords points="229,1271 1290,1271 1290,1395 229,1395"/>
            <TextLine id="r1l20" custom="readingOrder {index:0;} textStyle {offset:0; length:38;italic:true; fontSize:0.0; kerning:0;}">
                <Coords points="417,1363 1086,1380 1112,1360 1094,1331 978,1324 417,1329"/>
                <Baseline points="424,1358 458,1357 492,1357 526,1357 560,1357 594,1357 628,1357 662,1357 696,1357 730,1358 764,1358 798,1358 832,1358 866,1358 900,1358 934,1358 968,1358 1002,1358 1036,1358 1070,1358 1105,1357"/>
                <TextEquiv>
                    <Unicode>Analoges in der räumlichen Bestimmung.</Unicode>
                </TextEquiv>
            </TextLine>
            <TextEquiv>
                <Unicode>Analoges in der räumlichen Bestimmung.</Unicode>
            </TextEquiv>
        </TextRegion>
        <TextRegion orientation="0.0" id="TextRegion_1612905283891_5201" custom="readingOrder {index:3;} structure {type:paragraph-continued;}">
            <Coords points="229,1395 1290,1395 1290,2106 229,2106"/>
            <TextLine id="r1l21" custom="readingOrder {index:0;}">
                <Coords points="317,1455 1286,1458 1286,1420 317,1420"/>
                <Baseline points="323,1446 370,1447 418,1448 466,1449 514,1450 562,1451 610,1451 657,1451 705,1451 753,1451 801,1451 849,1451 897,1451 945,1450 992,1450 1040,1450 1088,1449 1136,1449 1184,1448 1232,1448 1280,1447"/>
                <TextEquiv>
                    <Unicode>139. Sollten wir aber in der Raumbestimmung etwas</Unicode>
                </TextEquiv>
            </TextLine>
            <TextLine id="r1l22" custom="readingOrder {index:1;}">
                <Coords points="228,1509 1246,1523 1292,1474 228,1479"/>
                <Baseline points="234,1500 286,1500 339,1501 391,1501 444,1501 496,1502 549,1502 601,1503 654,1503 706,1503 759,1503 812,1504 864,1504 917,1504 969,1503 1022,1503 1074,1503 1127,1502 1179,1501 1232,1501 1285,1499"/>
                <TextEquiv>
                    <Unicode>dieser ungleichzeitigen rhythmischen Gliederung Analoges</Unicode>
                </TextEquiv>
            </TextLine>
            <TextLine id="r1l23" custom="readingOrder {index:2;}">
                <Coords points="236,1563 1015,1579 1287,1563 1287,1515 236,1531"/>
                <Baseline points="243,1552 294,1553 346,1554 398,1554 450,1555 502,1555 554,1555 605,1556 657,1556 709,1556 761,1556 813,1556 865,1556 917,1556 968,1555 1020,1555 1072,1555 1124,1554 1176,1554 1228,1553 1280,1553"/>
                <TextEquiv>
                    <Unicode>aufsuchen wollen, wie es für die gleichzeitig-metrische sich</Unicode>
                </TextEquiv>
            </TextLine>
            <TextLine id="r1l24" custom="readingOrder {index:3;}">
                <Coords points="227,1618 1285,1618 1285,1577 227,1575"/>
                <Baseline points="234,1606 286,1606 338,1607 390,1607 442,1608 495,1608 547,1608 599,1609 651,1609 703,1609 756,1609 808,1609 860,1609 912,1609 964,1608 1017,1608 1069,1608 1121,1607 1173,1607 1225,1606 1278,1605"/>
                <TextEquiv>
                    <Unicode>in der bilateral-symmetrischen Basis nachweisen lässt, so</Unicode>
                </TextEquiv>
            </TextLine>
            <TextLine id="r1l25" custom="readingOrder {index:4;}">
                <Coords points="231,1667 1288,1665 1288,1636 1230,1627 231,1628"/>
                <Baseline points="238,1658 290,1659 342,1659 394,1660 446,1660 499,1660 551,1661 603,1661 655,1661 707,1662 760,1662 812,1662 864,1662 916,1662 968,1662 1021,1661 1073,1661 1125,1660 1177,1660 1229,1659 1282,1658"/>
                <TextEquiv>
                    <Unicode>kann jenes eben nur in Höhendimensionen, und in solchen</Unicode>
                </TextEquiv>
            </TextLine>
            <TextLine id="r1l26" custom="readingOrder {index:5;}">
                <Coords points="237,1724 1288,1722 1288,1684 1151,1676 525,1703 237,1676"/>
                <Baseline points="244,1710 295,1711 347,1712 399,1712 451,1713 503,1713 555,1713 607,1714 659,1714 711,1713 763,1713 814,1713 866,1713 918,1713 970,1713 1022,1712 1074,1712 1126,1712 1178,1712 1230,1712 1282,1712"/>
                <TextEquiv>
                    <Unicode>Bestimmungen, welchen die Natur des Progressiven zu</Unicode>
                </TextEquiv>
            </TextLine>
            <TextLine id="r1l27" custom="readingOrder {index:6;}">
                <Coords points="228,1770 1289,1763 1216,1732 228,1733"/>
                <Baseline points="235,1763 287,1764 339,1764 392,1765 444,1765 496,1766 549,1766 601,1766 653,1766 706,1766 758,1766 810,1766 863,1766 915,1766 967,1765 1020,1765 1072,1765 1124,1764 1177,1764 1229,1763 1282,1762"/>
                <TextEquiv>
                    <Unicode>Grunde liegt, gefunden werden. Wie überhaupt die Höhen¬</Unicode>
                </TextEquiv>
            </TextLine>
            <TextLine id="r1l28" custom="readingOrder {index:7;}">
                <Coords points="234,1826 1292,1826 1292,1796 1197,1780 234,1795"/>
                <Baseline points="241,1815 293,1816 345,1817 397,1818 449,1819 502,1819 554,1819 606,1819 658,1819 710,1819 763,1819 815,1819 867,1818 919,1818 971,1818 1024,1817 1076,1817 1128,1817 1180,1817 1232,1817 1285,1818"/>
                <TextEquiv>
                    <Unicode>verhältnisse in Bildungen, die einer vernünftigen freien</Unicode>
                </TextEquiv>
            </TextLine>
            <TextLine id="r1l29" custom="readingOrder {index:8;}">
                <Coords points="222,1882 1276,1882 1276,1843 1231,1836 919,1861 855,1836 222,1836"/>
                <Baseline points="229,1869 281,1870 333,1870 385,1870 437,1871 489,1871 541,1871 593,1871 645,1871 697,1871 749,1871 801,1871 853,1871 905,1871 957,1871 1009,1871 1061,1871 1113,1871 1165,1870 1217,1870 1269,1870"/>
                <TextEquiv>
                    <Unicode>Raumbestimmung entsprechen sollen, nicht gleichmässige</Unicode>
                </TextEquiv>
            </TextLine>
            <TextLine id="r1l30" custom="readingOrder {index:9;}">
                <Coords points="224,1931 1160,1939 1284,1931 1284,1899 224,1900"/>
                <Baseline points="231,1922 283,1922 335,1922 387,1922 440,1923 492,1923 544,1923 597,1923 649,1923 701,1923 754,1923 806,1923 858,1923 910,1923 963,1923 1015,1923 1067,1923 1120,1923 1172,1922 1224,1922 1277,1922"/>
                <TextEquiv>
                    <Unicode>sondern zu- oder abnehmende werden sein müssen, die in</Unicode>
                </TextEquiv>
            </TextLine>
            <TextLine id="r1l31" custom="readingOrder {index:10;}">
                <Coords points="225,1986 1292,1987 1292,1939 225,1948"/>
                <Baseline points="232,1973 284,1973 337,1974 390,1974 442,1975 495,1975 548,1975 600,1976 653,1976 706,1976 759,1976 811,1976 864,1976 917,1976 969,1976 1022,1975 1075,1975 1127,1974 1180,1974 1233,1973 1286,1973"/>
                <TextEquiv>
                    <Unicode>erster Ordnung in Einfachem und Doppeltem bestehen</Unicode>
                </TextEquiv>
            </TextLine>
            <TextLine id="r1l32" custom="readingOrder {index:11;}">
                <Coords points="232,2035 1283,2033 1283,2004 1182,1988 232,2003"/>
                <Baseline points="239,2025 290,2026 342,2026 394,2027 446,2027 498,2028 550,2028 602,2028 654,2029 706,2029 758,2029 809,2029 861,2029 913,2028 965,2028 1017,2028 1069,2028 1121,2027 1173,2027 1225,2026 1277,2026"/>
                <TextEquiv>
                    <Unicode>werden; so wird, wenn mit diesem Hauptverhältnisse</Unicode>
                </TextEquiv>
            </TextLine>
            <TextLine id="r1l33" custom="readingOrder {index:12;}">
                <Coords points="225,2090 1292,2084 1292,2052 1239,2044 225,2052"/>
                <Baseline points="232,2079 284,2080 337,2080 389,2080 442,2081 495,2081 547,2081 600,2082 653,2082 705,2082 758,2082 811,2082 863,2082 916,2082 969,2081 1021,2081 1074,2081 1127,2081 1179,2080 1232,2080 1285,2079"/>
                <TextEquiv>
                    <Unicode>zuerst unserem Quintbegriffe ungleichzeitig-rhythmischer</Unicode>
                </TextEquiv>
            </TextLine>
            <TextEquiv>
                <Unicode>139. Sollten wir aber in der Raumbestimmung etwas&#13;
dieser ungleichzeitigen rhythmischen Gliederung Analoges&#13;
aufsuchen wollen, wie es für die gleichzeitig-metrische sich&#13;
in der bilateral-symmetrischen Basis nachweisen lässt, so&#13;
kann jenes eben nur in Höhendimensionen, und in solchen&#13;
Bestimmungen, welchen die Natur des Progressiven zu&#13;
Grunde liegt, gefunden werden. Wie überhaupt die Höhen¬&#13;
verhältnisse in Bildungen, die einer vernünftigen freien&#13;
Raumbestimmung entsprechen sollen, nicht gleichmässige&#13;
sondern zu- oder abnehmende werden sein müssen, die in&#13;
erster Ordnung in Einfachem und Doppeltem bestehen&#13;
werden; so wird, wenn mit diesem Hauptverhältnisse&#13;
zuerst unserem Quintbegriffe ungleichzeitig-rhythmischer</Unicode>
            </TextEquiv>
        </TextRegion>
    </Page>
</PcGts>
