1444 2597
656 211 749 257 119
248 524 1230 563 Hier ist ein Zugleichbestehen zweier wirklicher Drei¬
177 571 1228 619 klänge als harmonische Verbindung gegeben, die in ihren
168 627 1235 676 äusseren Gliedern dissonirt, indem diese keines der drei
173 677 1240 723 Dreiklangsintervalle bilden. Ausser dieser Dissonanz ist
174 732 1039 780 keine andere in dem Zusammenklange enthalten.
255 779 1227 828 178. Die Septimenaccorde aber, welche die äusser¬
165 837 1233 883 sten Töne des unverwendeten Systemes, D und F, ver¬
174 891 498 931 bunden enthalten:
165 1044 1231 1091 und darin eben das verwendete System bezeichnen, diese
175 1099 1229 1140 sind anderer Natur und Beschaffenheit, als jene aus dem
178 1154 1226 1195 unverwendeten Systeme. Hier besteht die Dissonanz nicht
170 1204 1225 1243 so schlechthin in einer Zweideutigkeit des mittleren Inter¬
171 1260 1226 1300 valles, auch äussert sie sich nicht allein in dem Zusam¬
178 1309 1230 1354 menklange der äusseren Töne des Septimenaccordes; wie
169 1363 1220 1404 überhaupt ein Verbundensein wirklicher Dreiklänge in die¬
165 1412 771 1458 sen Accorden gar nicht stattfindet.
260 1468 1227 1516 Wenn wir die Septimenharmonie allgemein nur im
172 1523 1223 1564 Begriffe einer Dreiklangs-Zweiheit fassen können und die
168 1571 1230 1618 Dissonanzdreiklänge in diesem Begriffe organische Existenz
171 1628 1230 1671 haben, gleich den Consonanzdreiklängen, so haben sie
171 1682 1226 1723 dieselbe doch eben nur als dissonante, als in ihrer Natur
176 1731 1229 1779 entzweite Accorde, die in ihren Bestandtheilen sich nicht
170 1781 1229 1827 in sich zusammenschliessen. Im ersten der obigen drei
171 1835 1223 1883 Septimenaccorde, in G-h-D|F der in der Verbindung der
161 1892 1223 1931 Dreiklänge G-h-D und h-D|F besteht, wird der verminderte
168 1940 1224 1995 Dreiklang h-D|F den Bestandtheil des G-Durdreiklanges,
164 1997 1224 2043 h-D, an diesen, mit ihm verbunden, völlig abtreten: man
170 2052 1234 2104 vernimmt den Septimenaccord G-h-D|F als Zusammenklang
