1444 2597
663 244 761 291 299
191 347 1255 387 zu enthalten, kann in vierfacher Art mit Inhalt erfüllt
188 403 1250 444 sein: 1) als Ganzes, 2) als Getheiltes; als solches a) in
184 443 1250 493 beiden Theilen, b) im ersten Theile, c) im zweiten Theile:
469 1212 956 1267 b) Im dreizeitigen Metrum.
281 1300 1248 1354 88. Das dreizeitige Metrum hat die Bestimmungen
192 1356 1252 1411 in sich, einmal Dreifaches, zweimal Zweifaches, dreimal
180 1412 615 1458 Einfaches zu enthalten:
284 1710 1270 1762 Dasselbe kann sich in zwölffacher Art verschieden mit
184 1764 462 1812 Inhalt erfüllen.
280 1819 1246 1866 Es geschieht diess hier in mannigfaltigerer Combination;
200 1875 1253 1924 dem inneren Vorgange nach aber auf dieselbe Weise, wie
200 1923 1255 1970 im zweizeitigen Metrum. Die metrische und musikalische
189 1979 1250 2027 Bezeichnung wird jetzt hinreichen, diesen Vorgang deut¬
199 2035 1257 2075 lich genug darzustellen, ohne dass noch erklärende Bei¬
197 2090 750 2139 sätze dazu nöthig sein dürften:
