1444 2597
699 228 789 275 154
294 324 1273 364 232. Wenn der Septimenaccord der Oberdominantterz
208 371 1271 419 im Durtonartsysteme, h-D|F-a, eine bedingte Lage seiner
213 427 1277 474 Intervalle veranlasste, so liess diese Bedingung sich darauf
215 476 1280 524 zurückführen, dass die Septime höchste Stimme des
211 531 1275 580 Accordes sein musste; die anderen Intervalle durften in
208 596 1276 628 allen Versetzungen dabei angewendet werden. Die Accorde
210 636 1269 683 mit vermindertem Terzintervalle erfordern die Sextlage
203 692 1271 731 dieses Intervalles und werden ihre Eigenthümlichkeit am
206 755 1268 787 deutlichsten hervortreten lassen, wenn der tiefere Ton des
211 796 1279 843 Sextintervalles die tiefste Stimme ist; sie lassen aber
207 859 1272 906 noch einen anderen Ton des Accordes als Basston zu, ohne
206 899 1276 948 unverständlich zu werden, so lange das Trennungsintervall
216 955 613 1004 die Sextlage beibehält.
296 1012 1261 1058 233. — Es wird auch hier wieder zu erinnern sein,
210 1060 1269 1108 dass wir jetzt immer nur von den direct verständlichen
209 1116 1268 1156 harmonischen Bildungen, wie sie in ihrem natürlichen
213 1164 1273 1209 Vorkommen sich ergeben, zu sprechen haben. Wie aber
215 1220 1270 1267 das Dissonanzintervall, h—a, im Septimenaccorde der
216 1276 1266 1315 Oberdominantterz der Durtonart, h-D|F-a, die Septime als
217 1323 1264 1371 Oberstimme erheischt, wenn die Wirkung eine unzwei¬
211 1382 1265 1427 deutige sein soll, unter besonderen Bedingungen aber doch
206 1444 1261 1492 auch andere Lagen dieses Accordes in guter Musik ganz vor¬
213 1484 1273 1531 züglich wirken; so wird auch das Intervall der vermin¬
206 1548 1264 1587 derten Terz oder Decime für die hier besprochenen Accorde
208 1595 1272 1635 unverwendet in Anwendung kommen können, wie wir es
206 1643 1259 1689 namentlich in neuer und neuester Musik sehr oft zu frap¬
205 1700 831 1756 pantem Effecte angewendet finden. —
197 1819 1272 1866 Der übermässige Dreiklang und sein Vorkommen im
557 1876 917 1939 Septimenaccorde.
287 1963 1268 2026 234. In einem harmonisch-gegensätzlichen Verhält¬
199 2028 1271 2076 nisse zu dem Septimenaccorde der Oberdominantquint des
201 2076 1272 2132 übergreifenden Molltonartsystemes, in der C-Molltonart
