1444 2597
708 219 775 259 84
211 307 1279 362 wie es bei den ersten zwei Graden dieser Fortschreitung
213 369 1132 418 geschah und sich als richtig klingend erwies; z. B.
301 427 891 484 1) nach der Unterdominantseite:
291 715 876 754 2) nach der Oberdominantseite:
212 995 1278 1038 so werden die nach der Unterdominantseite geführten Ver¬
222 1052 1276 1091 bindungen richtig klingend erscheinen; von denen nach
218 1099 1275 1147 der Oberdominantseite bleibt aber nur die erste, die aus
217 1163 1277 1210 dem tonischen nach dem oberen verminderten Dreiklange
213 1204 1270 1251 führende, unbedingt anwendbar, in den übrigen dieser
223 1259 1275 1306 Seite ist etwas Gefühlswidriges enthalten. Wir begegnen
226 1316 1271 1356 hier wieder der schon berührten praktischen Regel: dass
222 1366 1273 1419 im Septimenaccorde die Septime vorbereitet sein müsse;
218 1420 1275 1460 und der Ausnahme von dieser Regel: dass im Dominant¬
226 1482 1280 1515 septimenaccorde die Septime zu dem liegenden Grundtone
231 1523 1276 1571 frei eintreten dürfe. Der Grund dieser Ausnahme, sowie
224 1580 1279 1618 der Zulässigkeit der Folgeverbindungen nach der Unter¬
227 1628 1275 1675 dominantseite, bei welchen, eben wie bei denen nach der
229 1684 1274 1725 Oberdominantseite, die Dreiklänge in primärer Lage neben
236 1731 1276 1781 einander stehen, ohne doch die Wirkung einer Quintfolge
233 1787 1275 1843 hervorzubringen, wird sich vollständig erst ergeben können,
229 1848 1276 1883 wenn wir die Auflösung der Dissonanz in ihren wesentli¬
231 1891 1276 1948 chen Bedingungen und das Wesen der Septimenaccorde,
231 1953 1284 2003 welche die Grenzverbindung in sich enthalten, namentlich
234 1996 1283 2043 des sogenannten Dominantseptimenaccordes werden kennen
231 2052 1287 2107 gelernt haben. Dieser letztere ist bis jetzt nur als Accord
