1444 2597
718 218 783 268 94
224 317 1287 370 Dissonanz bestimmt ist, durch melodische Fortbewegung
222 372 1195 417 der dissonirenden Stimmen zu einer einfachen gelangt.
309 419 1271 465 141. Es ist dies diejenige Auflösung, bei der das In¬
226 467 1274 522 tervall der kleinen Septime durch Fortbewegung beider
228 524 1272 571 Stimmen sich zur Octav erweitert, zu welcher das blei¬
229 580 1260 627 bende mittlere Intervall in consonantem Verhältnisse ste¬
220 627 1258 674 hen muss, z. B. G-h-D-F...fis-h-D-fis; oder g-B-des-F...
224 683 1273 731 Ges-b-Des-Ges. Diese Auflösung kann eben nur bei Disso¬
227 740 1277 786 nanzaccorden mit kleiner Septime, an denen der vermin¬
226 787 1276 835 derte Dreiklang Theil hat, vorkommen, indem diese nur
224 851 1271 891 die Bedingungen der Auflösung erfüllen können. Zudem
234 899 1273 946 ist auch noch zu bemerken, dass die Auflösung hier in
228 960 1269 996 eine andere Tonart führt, indem sie nur durch chroma¬
225 1004 1276 1050 tische Fortschreitung einer der beiden Stimmen geschehen
224 1052 1276 1099 kann; chromatisch verschiedene Töne aber nie innerhalb
224 1108 655 1163 derselben Tonart liegen.
320 1164 1285 1220 142. Im obigen ersten Beispiele geschieht die Auflösung
225 1212 1285 1259 in dem Sinne, dass das mittlere Intervall, h-D welches
230 1267 1278 1322 durch G und durch F zu verschiedener Accordbedeutung
225 1317 1282 1363 bestimmt ist, in der Fortschreitung beider gegeneinander
233 1371 1284 1419 dissonirenden Stimmen, nach der Octav fis—fis, eine ein¬
234 1427 1288 1468 fache Bestimmung erhält; eben so verhält es sich im zweiten
224 1475 1280 1530 mit dem mittleren Intervalle B-des, welches in g-B-des-F
227 1531 1279 1579 zweifache, in Ges-b-Des-Ges einfache Bedeutung enthält.
228 1580 1282 1627 B-des ist von b-Des nicht als Intervall an sich, sondern
223 1636 1285 1683 nuf in der Accordbedeutung verschieden. Verschieden als
226 1691 1282 1732 Intervall würde von B-des, oder von b-Des erst B|Des sich
226 1740 1279 1787 erweisen, wie es aus dem früher Gesagten verständlich
224 1795 415 1843 sein wird.
311 1843 1273 1892 143. Wiewohl diese Auflösungsart in praktischer Aus¬
219 1891 1275 1954 übung weit seltener angewendet erscheint, als jede andere,
225 1955 1287 2011 (denn man wird die aus dem nach der Oberdominantseite
229 2004 1272 2051 übergreifenden h-Molltonartsysteme herkommende Accord¬
221 2060 1274 2101 folge: g-H-d-eis...Fis-H-d-Fis, nicht mit jener: G-h-D-F...
