1444 2597
705 235 769 283 72
202 334 1262 380 vierten, die Accorde basirenden Stimme bedürfen. Es kann
202 391 1272 435 aber hier, wo der Begriff der Folge aufgenommen ist, nicht
205 436 1260 483 die Rede davon sein, einzelne der Begründung ermangelnde
204 493 1261 538 Accorde mit Basstönen zu versehen, die unter sich kei¬
200 537 1266 596 nen Zusammenhang hätten; das würde gegen jenen Begriff
205 596 1269 643 verstossen, der etwas Vereinzeltes nicht mehr zulassen
209 652 1262 692 kann: vielmehr wird diese Stimme, mit ihrem Bezuge auf
206 700 1266 747 die anderen, auch an sich den Bedingungen folgerechter
201 755 862 803 Fortschreitung zu entsprechen haben.
289 810 1269 852 102. Wenn eben gesagt wurde, dass ausser dem
205 861 1254 903 Grundtone auch noch die Terz des Dreiklanges einem Ac¬
208 916 1265 963 corde zum tiefsten oder Basstone dienen könne, nicht aber
204 972 1257 1011 die Quint, als etwas dem Grundtone Entgegengesetztes, so
205 1020 1261 1075 werden diejenigen der oben gezeigten Accordverbindungen,
204 1076 1265 1116 bei denen nur die Terz-sextlage und nicht die Quart-sextlage
197 1124 1254 1171 zum Vorschein kommt, einer vierten begründenden Stimme
207 1180 1255 1226 nicht nothwendig bedürfen; sie bilden schon in ihrer Drei¬
201 1243 1259 1275 stimmigkeit einen Satz, in welchem jeder Accord in seiner
202 1283 1259 1331 Folgegestalt auch für sich bestehen kann. Daher die Folge
205 1340 1265 1386 C-e-G...D-F-h...e-G-C ohne vierte Stimme zulässig ist. Nicht
210 1388 1258 1435 aber ist es die Folge: C-e-G...a-D-F...G-C-e; indem der
209 1450 1262 1499 zweite und dritte Accord die für den Bass nicht geeignete
211 1499 1261 1547 Quint als tiefste Stimme enthält. Hier würde eine vierte
207 1548 1253 1595 Stimme, welche Grundton oder Terz diesen Accorden unter¬
202 1603 1255 1644 legt, erforderlich sein, um dieselben festen Fuss fassen zu
203 1651 1254 1699 lassen. Zu Vermeidung gleicher Fortschreitung mit schon
206 1715 1256 1762 vorhandenen Stimmen, wird sie als tiefste den Gang C..D..e
201 1763 1254 1804 nehmen, und der Satz dieser Folge ist mithin vierstim¬
196 1811 838 1859 mig: C-C-e-G...D-a-D-F...e-G-C-e.
282 1852 1255 1922 103. So ist der harmonische strenge Folgesatz, auch
206 1915 1247 1963 wenn wir ihn noch blos in einer Folge von Dreiklängen be¬
204 1971 1254 2018 trachten, also vom vierstimmigen Septimenaccorde noch
200 2027 1258 2067 abgesehen, schon wesentlich ein vierstimmiger, oder eine
188 2076 1265 2121 Verbindung von vier melodischen Reihen, davon drei durch
