1444 2597
716 258 795 300 322
215 347 1285 396 Denn wie die metrisch-gleichzeitige Einheit ein Erstes
219 405 1277 451 und Zweites, ein accentuirtes und ein accentloses Glied
217 459 1271 499 enthält und in gerader oder umgekehrter Folge nach einan¬
216 508 1270 556 der setzt, so steht in der ungleichzeitigen Gliederung des
221 563 1276 608 Gliedes dafür eine Länge und eine Kürze: für die Accent¬
218 612 1276 659 bestimmung eine Quantitätsbestimmung; die Länge für
217 668 1134 715 das accentuirte, die Kürze für das accentlose Glied.
299 723 942 779 120. Die gleichzeitig-positive Folge
212 972 1218 1024 stellt sich ungleichzeitig als Folge von Länge und Kürze,
215 1124 653 1177 die gleichzeitig-negative,
209 1361 1096 1411 ungleichzeitig als Folge von Kürze und Länge dar.
306 1515 1269 1563 121. Die Länge hat, als solche, keinen Accent, denn
208 1580 1274 1611 es erhält den Accent nur ein metrisches Moment als das
217 1628 1279 1676 erste eines zweiten Gleichen; ohne die Bedingung der
218 1676 1264 1716 Gleichheit ist eine Folge nicht in dieser Bedeutung zu fas¬
222 1732 1268 1771 sen. Die Länge ist aber gegen die Kürze in sich ein Dop¬
220 1785 1270 1835 peltes, und zwar entschieden positiver Natur, wenn sie
212 1841 1270 1892 ungetrennt erscheint; — denn die negative Folge würde sie
222 1884 1273 1931 trennen — und so ist der Anfang der Länge ein accen¬
216 1940 1274 1987 tuirter in diesem Gliede an sich, die Kürze aber als Ein¬
216 1987 564 2036 faches ist accentlos.
307 2044 1272 2090 122. Mit der zweifach möglichen Accentuirung der me¬
213 2100 1283 2142 trischen Zwei-Einheit, in welcher Zwei-Einheit die ungleiche
