1444 2597
667 227 759 267 196
183 316 1252 363 der Tonarten Es-Dur, As-Dur, G-Moll und F-Moll. Die
186 372 1245 419 G-Durtonart ist zu der C-Molltonart keine verwandte. Der
184 428 1246 467 G-Durdreiklang ist an sich schon positiver, und primäre
185 475 1239 523 Bestimmung. Wo diese aber als solche bestätigt wird, da
178 531 1244 579 ist der Begriff der C-Molltonart aufgehoben; denn das
180 580 1238 627 Negativ-setzen dieses positiv voraus Gesetzten ist eben der
182 633 1246 682 wesentliche Inhalt jenes Begriffes. Mit der C-Molltonart
182 690 1241 730 würde nur die G-Durtonart mit kleiner Sext, unsere als
180 739 1237 795 Moll-Durtonart bezeichnete, verwandt erscheinen können;
183 801 1247 844 wie auch zu dieser, als Haupttonart gesetzt, wieder die
193 851 1249 891 C-Molltonart verwandt ist, die zu der G-Durtonart nicht in
187 899 571 946 Verwandtschaft steht.
272 955 1242 1003 Zu jedem Tonartsysteme wird immer das gleichna¬
181 1020 1246 1059 mig entgegengesetzte in naher Verwandtschaft stehen; die
183 1060 1245 1106 Molltonart zu gleichnamiger Durtonart, die Moll-Durtonart
181 1123 1246 1164 zu gleichnamiger Moll- oder Durtonart und ebenso auch
185 1164 1249 1211 entgegengesetzt: denn die Umwandlung geschieht hier am
187 1227 1248 1275 tonischen Quintintervalle, das aus positiver in negative, oder
189 1282 1245 1331 aus negativer in positive Bedeutung übergeht, in beiden
186 1324 1251 1371 Bestimmungen aber immer das Positive der einen und an¬
186 1379 588 1427 deren zugleich enthält.
402 1571 1017 1627 Enharmonische Verwechslung.
269 1644 1234 1699 289. Derjenigen Uebergänge, die sich auf die soge¬
181 1705 1244 1762 nannte enharmonische Verwechslung gründen, können wir
184 1755 1237 1810 hier nur vorübergehend gedenken, da sie dem temperirten,
192 1803 1253 1860 nicht dem reinen Tonsysteme angehören. Soweit sie auf
186 1860 1250 1906 das letztere zurückzuführen sein würden, sind sie auch in
195 1915 1253 1963 dem Bisherigen schon mit enthalten. Sie beruhen zum
189 1968 1252 2028 grössten Theile darauf, die verminderte Septime gleich
186 2019 1258 2067 zusetzen der grossen Sext, die übermässige Secund
186 2075 783 2130 gleich der kleinen Terz. Z. B.
