1444 2597
685 232 758 283 307
188 336 1251 371 intensiv in den Umwandlungen enthalten, welche durch
189 380 1259 425 diese Aufeinanderfolge an einer zuerst gesetzten Zeiteinheit
189 436 1249 484 erfolgen. Diese wird durch ein zeitlich-Zweites zu einem
194 483 1247 531 Ersten dieses Zweiten bestimmt; durch ein Drittes von
188 540 1246 587 ihrem Zweiten getrennt; durch ein Viertes ihrem Zweiten
199 589 401 635 verbunden.
277 644 1250 691 Der Sinn dieser drei Momente metrischer Bildung ist
200 699 1250 754 vollkommen derselbe wie der in der harmonischen Bildung
198 747 1249 795 der Octav, Quint und Terz, wo er ebensowenig in den Ver¬
194 803 1245 851 hältnisszahlen an sich enthalten ist, als man ihn in der Zahl
189 865 1247 906 der metrischen Glieder suchen darf. Es hat ein drittes
192 908 1253 954 und viertes Glied nie als drittes und viertes seine me¬
189 964 1253 1002 trische Bedeutung gehabt, in den complicirtesten wie in
193 1011 1254 1059 den einfachsten metrischen Combinationen; überall konnte
192 1075 1246 1121 nur von einem Ersten und Zweiten seiner Ordnung, einem
195 1116 1257 1163 Bestimmenden und einem Bestimmten, in positiver und
198 1183 1258 1219 negativer Folge die Rede sein. Und ebenso ist auch das
198 1225 1258 1274 Vierfache im Terzquantum nur als Doppelzweifaches, der
196 1289 1247 1323 vierte Theil nur als Hälfte der Hälfte von akustisch ver¬
197 1331 563 1381 nünftiger Bedeutung.
283 1381 1249 1435 98. Wie Etwas, das metrisch über das vierte Glied,
195 1436 1253 1482 d. h. über das Paar von Paaren hinausgeht, auf das Innere
204 1491 1252 1538 des ersten Paares keinen Einfluss mehr übt und darum in
191 1547 1254 1594 der Ordnung, in welcher das erste als solches steht, nicht
193 1595 1258 1643 mehr zu metrischer Einheit gefasst werden kann, so ist
198 1654 1254 1692 auch das akustisch über das Vierfache Hinausgehende nicht
198 1700 1256 1755 mehr direct und unmittelbar als Intervallbestimmung
192 1763 1249 1805 verständlich. In dem Verhältnisse 4:5, oder $$MATH, dem der
191 1810 1255 1859 Terz; hat der ergänzende Theil, $$MATH, keine Bedeutung in
196 1859 1250 1907 Bezug auf die Fünfzahl, er hat dieselbe nur als Einheit, an
197 1907 1247 1963 welcher das Terzquantum, $$MATH, sich als ein Vierfaches, d. i.
184 1963 1259 2012 Doppelzweifaches des hier allein bestimmenden Zählers
198 2019 1245 2067 aussagt. Ebenso wie das ergänzende $$MATH, am Quintverhält¬
189 2067 1260 2115 nisse, $$MATH, das Quantum zu einem zweifachen bestimmt, und
