1444 2597
660 196 752 244 166
181 291 1240 339 erscheinen die tonischen Momente C und G, aus der Grund¬
183 347 1235 394 tons- und Quintbedeutung in die Terzbedeutung versetzt,
184 402 1239 443 selbst als Leittöne. Die tonische Terz e, welche in der
175 451 1237 498 Fortschreitung mit chromatischer Erhöhung Grundtonsbe¬
176 501 1050 548 deutung erhält, bewahrt hier die Terzbedeutung.
262 555 1243 603 Es kann aber die eine und andere Weise chromatischer
177 611 1236 658 Fortschreitung auf- und absteigend in Anwendung kommen,
186 675 1233 707 und es ist eine irrige Meinung, dass die chromatisch er¬
179 715 1237 763 höheten Stufen der aufsteigenden, die vertieften der abstei¬
176 764 939 827 genden Bewegung ausschliesslich gehörten.
269 819 1235 868 248. Eine direct bestimmte Fortschreitung ist in bei¬
176 875 1129 915 den Arten der chromatischen Tonleiter nur enthalten:
261 924 1234 970 1) In dem Verhältnisse eines Leittones zu seinem dar¬
181 979 1227 1026 überliegenden, 15:16; sei der erstere nun ein leitereigener,
177 1043 1245 1092 oder durch chromatische Erhöhung gewonnener, der letztere
180 1084 1033 1131 ein leitereigener oder ein chromatisch vertiefter:
265 1243 1245 1291 2) In der chromatischen Veränderung, welche den
174 1299 1240 1340 Durdreiklang in den Molldreiklang, oder umgekehrt, den
181 1347 1235 1396 Molldreiklang in den Durdreiklang umwandelt: durch chro¬
182 1411 1240 1459 matische Erhöhung e-G-h...e-Gis-h, h-D-fis...h-Dis-fis; durch
176 1459 1229 1499 chromatische Vertiefung F-a-C...F-as-C, C-e-G...C-es-G.
172 1508 1236 1556 Dies ist die Fortschreitung, welche wir mit dem Verhältnisse
173 1563 1229 1604 24:25 bezeichnet haben. Sie ist durch eine fassliche Be¬
181 1612 1234 1656 stimmung gegeben, sofern sie in einer verständlichen Aen¬
177 1668 1229 1716 derung, einem Anderswerden derselben Sache besteht:
179 1731 1237 1771 nämlich darin, dass die Quintbeziehung zweier bleibenden
173 1776 1235 1834 Töne aus der positiven in die negative Bedeutung übergeht
182 1827 470 1884 oder umgekehrt.
257 1883 1236 1924 249. Die andere mit dem Verhältnisse 128:135 be¬
170 1939 1236 1979 zeichnete chromatische Fortschreitung, wie sie in der durch
172 1987 1236 2035 chromatische Erhöhung entstehenden Leiter bei den Stufen
174 2035 1245 2083 C..cis, F..fis, B..h, in der vertieften, ausser den beiden
