1444 2597
682 235 766 283 211
194 331 1250 379 und Letztes in einander aufgehe. Eine andere als die
202 387 1253 428 Grundgestalt des tonischen Dreiklanges, eine Uebergangs¬
200 444 1254 484 oder Folgegestalt desselben, würde, wie sie nicht absolut
196 492 1251 540 Anfang sein kann, darum auch nicht Schlussaccord sein
200 547 1259 587 können. Es führt aber allein die Schlussverbindung mit
194 596 1253 644 einem Dominantaccorde, der Wechsel mit Tonica und
200 651 1268 699 Ober- oder Unterdominantdreiklange in die Grundlage
196 709 817 763 des tonischen Dreiklanges zurück:
283 923 1256 970 Die beiden verminderten Dreiklänge, die ausser den
192 971 1251 1018 Dominantdreiklängen noch Schluss-bildend mit dem toni¬
201 1027 1252 1077 schen zu verbinden sind, leiten ihrer Vermittlung zu Folge
202 1083 844 1132 in eine versetzte Lage des letzteren:
197 1378 1261 1420 der verminderte Dreiklang der Oberdominantseite nach
203 1432 1252 1479 der Terz-sextlage, der verminderte Dreiklang der Un¬
198 1476 1249 1538 terdominantseite nach der Quart-sextlage des toni¬
205 1531 611 1579 schen Schlussaccordes.
290 1579 1264 1634 311. Zu tonisch völliger Feststellung gelangt aber der
202 1641 1255 1691 Schlussaccord erst, wenn seine Beziehung nicht nur zu
202 1707 1258 1739 einer, sondern zu beiden Dominantseiten zum Aus¬
199 1747 484 1803 drucke gelangt:
273 2033 1258 2067 Dass hier die Unterdominant der Oberdominant vor¬
197 2082 1257 2120 angeht, ist eben; wie jene in der harmonischen Genera¬
