1444 2597
614 232 703 284 317
127 435 1194 475 so wird sich, wie auch die Bezeichnung dieser Tactart, als
133 483 1186 531 ⁶⁄₈ Tact es angibt, allerdings ein zweimal Dreifaches in
129 540 1189 586 diesem Metrum nachweisen lassen; denn das Dreizeitige
135 588 1193 635 kann auch in der Erfüllungsform eines ganzen Paares und
133 648 1192 691 des einzelnen Gliedes erscheinen (II. 88.); es ist aber zu
136 699 1183 740 unterscheiden, ob wir in einer Einheit das Ganze, oder
124 748 1183 795 die Theile als hauptsächliche Bestimmung zu betrachten
133 803 1188 859 haben. An der im dreizeitigen Metrum erscheinenden Figur
125 964 1188 1002 ist die erste doppelte Zeit eine zusammengezogene zwei¬
133 1013 1186 1060 theilige, die Ganzheit ist nicht ihre erste Bestimmung, sie ist
131 1076 1190 1122 aus dem Verwachsen der Theile erst entstanden. Die Figur
134 1220 1187 1267 aus dem obigen Rhythmus, lässt sich zwar eben auch in
132 1283 622 1324 eine dreigliedrige auflösen:
125 1444 1181 1492 die Zweitheiligkeit der ersten Doppelzeit erscheint aber,
136 1499 1194 1546 wenn wir diesen Rhythmus in nicht langsamer Bewegung
128 1548 1185 1588 und in fortgesetzter Folge uns denken, nicht als ihre ur¬
128 1602 1190 1644 sprüngliche Bestimmung, sondern als Theilung der an sich
129 1652 1188 1698 ungetheilt bestimmten Länge, und die ganze Figur als be¬
131 1714 1189 1747 stehend in der Folge eines ungetheilt-Doppelten und eines
127 1755 1021 1803 Einfachen, oder einer Zeiteinheit und ihrer Hälfte.
217 1811 1188 1866 110. Dieselbe Bestimmung ist in der metrisch-gleich¬
137 1867 1187 1907 zeitigen Formation auch schon enthalten und zwar im
135 1915 1194 1963 zweiten, im Quintmomente derselben: im dreizeitigen
132 1965 1188 2019 Metrum. Die metrische Grundbestimmung ist zweizeitig
132 2019 1195 2067 Einheit, wird im dreizeitigen Metrum Zweiheit; sie
130 2083 1190 2123 wird getheilt, es tritt an ihr die Hälfte hervor. In gleich¬
