1444 2597
700 251 787 292 130
214 492 1268 539 eben selbst fremd. Wenn das Intervall a-h in e eine Ver¬
208 554 1278 587 mittlung finden soll, so kann es eben nur in einem
210 596 1271 644 Dreiklangssysteme geschehen, in welchem dieser Ton zur
213 652 1275 697 Vermittlung noch vorhanden ist, und dies ist hier das
212 708 660 747 System der A-Molltonart.
210 972 1272 1019 Der Accord ist dann nicht h-D|F-a, sondern H|D-f-A. Die
213 1027 1274 1073 Wirkung dieses letzteren erhalten wir aber auch jeder¬
215 1084 1275 1124 zeit, wenn im Septimenaccorde h-D|F-a die Septime
207 1142 1263 1179 nicht höchste Stimme ist; er wandelt sich zu der Bedeut¬
218 1188 1274 1236 ung H|D-f-A um und eignet sich damit der A-Molltonart
213 1250 1267 1283 an. Die Accordlagen D-F-a-h, F-a-h-D, a-h-D-F werden
214 1292 1276 1338 vernommen als D-f-A-H, f-A-H-D, A-H-D-f und begehren
211 1340 1269 1388 in den E-Durdreiklang aufgelöst zu werden. Auch wider¬
210 1404 1270 1443 strebt die Septime in dieser Secundlage zu dem Grundtone
208 1459 1266 1498 unvorbereitet aufsteigend sich zu bewegen, wenn es in der
209 1499 1268 1547 C-Durtonart mit der Fortschreitung G—a geschehen soll:
215 1555 1271 1604 D-F-G-h...D-F-a-h, wogegen die Folge im A-Mollsysteme:
208 1618 1269 1668 D-f-gis-H...D-f-A-H, einen ganz fügsamen Uebergang bildet.
217 1660 1269 1707 Indem der Accord H|D-f-A aber in der Harmonie der
208 1716 1273 1762 C-Durtonart überhaupt nicht gemeint sein kann, so ist jede
209 1771 1274 1811 Lage des Septimenaccordes h-D|F-a, welche die Septime a
205 1819 1263 1866 nicht als höchste Stimme enthält, eine normal unberech¬
208 1876 1260 1915 tigte. Es handelt sich hier nur von der harmonischen Bild¬
206 1927 1273 1972 ung, wie sie unter allen Umständen sich klar und deutlich
214 1986 1269 2035 aussprechen muss; denn unter besonderen Bedingungen
215 2042 1275 2090 verschiedener Stimmenqualität oder der Herleitung im Satze
208 2091 1277 2132 selbst und der Umgebung des Accordes, kann auch eine
