1444 2597
688 251 779 291 306
203 340 1262 386 dass der Unterschied von dem Zweifachen zu dem Vier¬
203 396 1254 436 fachen, als dem Doppelzweifachen, hier, wenigstens in
200 444 1259 491 der äusseren Beschaffenheit der Quantitätsbestimmung nicht
199 507 1245 547 so vorhanden ist, wie in den musikalischen Intervallver¬
196 547 1256 595 hältnissen, da in den metrischen die Bestimmungen, welche
211 609 1267 651 wir denen der Quint und Terz entsprechend bezeichnet
208 651 1261 699 haben, im Verhältnisse 3:4 stehen, und nicht, wie die
205 714 1264 764 musikalischen, ein Vierfaches einem Zweifachen gegenüber
212 764 330 811 setzen.
294 813 1263 859 Es ist aber bei der Vergleichung dieses äusserlich
202 870 1264 915 allerdings verschiedenen Verhaltens der harmonischen und
206 916 1250 963 metrischen Bestimmungen das Wesen der einen und ande¬
210 971 1260 1027 ren Sphäre, in der sie geschehen, in's Auge zu fassen, und
205 1028 1264 1067 die Weise, wie dieselben sich selbst bildend aus beiden
202 1076 434 1130 hervorgehen.
298 1129 1268 1187 96. Die musikalischen Intervallenverhältnisse sind
204 1179 1266 1227 dynamische: sie sind Spannungsverhältnisse. Die Octav
205 1235 1269 1283 ist das doppelt Gespannte des Grundtones: die doppelte
206 1283 1260 1331 Kraft in derselben Last oder Schwere; der Grundton gegen
205 1346 1260 1387 die Octav die doppelte Last für dieselbe Kraft. In der
206 1395 1265 1442 Quint sind $$MATH derselben Last; in der Terz $$MATH derselben
213 1443 1270 1491 Last von gleicher Kraft zu überwinden: es ist, von der
209 1500 1262 1547 Bedeutung der Verhältnisse noch abgesehen, im höheren
205 1552 1261 1595 Tone weniger Schwere, er ist leichter, lichter; den tieferen
209 1604 1269 1651 senkt die von der Kraft weniger überbotene Last, er ist
208 1651 1258 1699 schwerer, dunkler. Die positiven Intervalle sind nach der
212 1707 1269 1754 Seite der Höhe bestimmt, sie sind Kraftbestimmungen, die
209 1763 1258 1808 negativen sind nach der Tiefe bestimmt, sie sind Lastbe¬
209 1819 1252 1867 stimmungen. Die vernünftige Bedeutung ihrer Verhältnisse,
210 1867 1268 1914 des Einfachen, Zweifachen und Vierfachen, enthalten sie
206 1923 733 1963 in dem uns bekannten Sinne.
299 1971 1263 2019 97. Die metrischen Bestimmungen sind extensiv zeit¬
201 2028 1277 2067 räumliche. Ihre vernünftige Bedeutung liegt aber nicht in
204 2076 1277 2123 der Anzahl ihrer aufeinanderfolgenden Zeittheile: sie ist
