1444 2597
728 258 781 299 60
315 347 1286 395 77. Im C-Molltonart-Systeme wird die melodische Folge
226 403 1288 451 durch C..D..es..F..G in ungehinderter Verbindung fortgehen
225 460 1287 499 können, sie ist in den ersten drei Stufen, C..D..es, durch die
224 507 1285 555 Dominant G, in den letzten drei Stufen, es..F..G, durch die
236 563 1286 611 Tonica C vermittelt, wie im Dursysteme; wird aber nach
222 620 1282 659 der fünften Stufe G, das folgende, noch durch C vermittelte
226 678 1272 716 as, als sechste, ergriffen, so ist von hier aus nur Rückbe¬
226 724 1274 764 wegung nach G, aber keine Fortbewegung nach h möglich,
224 774 1278 827 indem der Dreiklang G-h-D, dem dieses h als Terz angehört,
226 829 1288 875 mit dem Dreiklange F-as-C, dessen Mollterz as als sechste
229 883 1279 940 Stufe eingetreten war, nicht durch gemeinschaftlichen Ton,
225 931 1274 987 an welchem der Uebergang sich verständlich machen könnte,
230 988 1283 1035 verbunden ist. Das verbindende Glied zwischen G und h
231 1044 1282 1085 kann nur durch die Oberdominantquint D bestimmt wer¬
221 1091 1284 1147 den, dessen Quint A den Uebergang von G nach h gewährt,
221 1156 1291 1202 und es wird somit als sechste Stufe dieser über dem Systeme
224 1203 1281 1243 hinausliegende Ton A, sich der Leiter einreihen, nach wel¬
229 1258 1285 1308 chem der siebente und achte sich in ungehinderter Folge
232 1308 454 1355 anschliessen.
317 1356 1284 1404 78. Wenn aber bei der aufsteigenden Molltonleiter der
228 1412 1281 1459 Fortgang von der sechsten nach der siebenten Stufe gehin¬
226 1468 1274 1513 dert war, so wird auch bei der absteigenden von der sie¬
226 1517 1284 1563 benten nach der sechsten keine Verbindung vorhanden sein:
224 1572 1282 1612 wie dort die kleine Sext nicht den Uebergang zu der gros¬
222 1635 1277 1683 sen Septime bilden konnte, so wird hier wieder die grosse
225 1676 1281 1723 Septime nicht in die kleine Sext führen können. Die Octav
227 1731 1286 1779 findet aber den vermittelnden Ton zu der kleinen Sext
224 1792 1282 1835 eben wieder ausserhalb des Systemes, und zwar auf der
223 1836 1286 1883 Unterdominantseite. Wie beim Aufsteigen die Quint der
229 1892 1287 1939 Oberdominant zum Grundtone werden musste, so wird
230 1947 1280 1996 beim Absteigen der Grundton der Unterdominant zur
230 1996 1275 2052 Quint; dort, um die Vermittlung in die grosse siebente,
218 2052 1276 2099 hier, um die Vermittlung in die kleine sechste Stufe herzu¬
225 2107 357 2147 stellen.
