1444 2597
741 219 798 259 30
239 315 1289 355 zeitigkeit zur Aufeinanderfolge fort; denn es ist für die
232 363 1290 403 Gleichzeitigkeit ein Widerspruch, dass die Quint eines Grund¬
237 420 1292 467 tones Grundton einer Quint sei; ein Widerspruch für die
237 468 1289 512 Gleichzeitigkeit, den wir später als das Wesen der Dis¬
239 523 1287 571 sonanz kennen lernen, der aber eben in dem Entgegengesetz¬
237 579 1290 620 ten der Gleichzeitigkeit, in der Aufeinanderfolge keiner
237 627 1284 676 ist, indem er sich darin auflöst, dass der Grundton Quint,
233 684 1295 730 und umgekehrt, die Quint Grundton werde. So kann die
243 739 1287 780 Tonart harmonisch sich nur in der Accordfolge darlegen.
320 787 1291 834 25. Wenn der Begriff des Dreiklanges zuerst die Inter¬
243 844 1287 899 valle zum Accord, dann die Accorde zur Tonart bestimmt,
239 900 1289 955 so wird er nun die Tonart als Octaveinheit ergreifen und
237 946 1278 995 mit dieser zu der Quint- und Terz-Bestimmung in demsel¬
241 1004 1287 1050 ben Sinne fortgehen, wie es in der Accord- und Tonart-
234 1059 632 1116 Bildung geschehen ist.
320 1107 1295 1162 26. Die Tonart entstand, wenn der gegebene Dreiklang,
233 1165 1289 1219 nachdem er durch den Unter- und Ober-Dominant-Accord,
235 1227 1296 1275 mit sich selbst in Gegensatz gekommen war, diesen Gegensatz
235 1268 1289 1315 als Einheit in sich zusammenfasste und damit Tonica wurde.
320 1323 1291 1371 27. Der Gegensatz oder die Quintbedeutung für die
230 1389 1293 1434 noch in absoluter Einheit bestehende Tonart wird jetzt darin
236 1442 1284 1476 enthalten sein, dass sie durch Unter- und Oberdominant-
233 1483 1293 1539 Tonart selbst die eine oder andere Dominant-Bedeutung
244 1538 1296 1586 annehme, dass sie Oberdominant für die Unterdominant und
233 1587 1230 1635 Unterdominant für die Oberdominant als Tonart werde.
324 1644 1291 1692 28. In der Zusammenfassung beider entgegengesetzten
234 1699 1294 1747 Bestimmungen, welche darin zur Einheit gelangen, dass
232 1748 1290 1795 das Bestimmende zum Bestimmten wird, dass die mittlere
239 1805 1295 1851 Tonart aus der Bestimmung, Dominant der einen oder andern
241 1859 1292 1907 Tonart zu sein, übergeht in die, eine und andere Tonart
229 1908 1288 1953 zur Dominant zu haben, ist sodann wieder der Terzein¬
237 1964 1297 2010 heit dieser drei Tonarten entsprochen, welche die mittlere
241 2019 1287 2060 Tonart als tonische erscheinen lässt, als Mitte eines Ton¬
228 2075 1301 2123 arten-Systems; wodurch nun zu ihrer inneren Bestimmung
