1444 2597
642 220 723 267 219
151 308 1219 354 in Terz-verwandte Accorde führen können — dem Ober¬
154 364 1212 411 dominantdreiklange G-h-D bleiben dann ausser dem ver¬
155 427 1221 476 miedenen tonischen, C-e-G, noch die Dreiklänge a-C-e,
153 475 1217 531 F-a-C, D|F-a zu Schlussfall-mässigem Uebergange übrig,
153 524 422 578 in den Folgen:
161 796 1220 835 wobei wir immer nur die enge dreistimmige Dreiklangs¬
157 843 1215 892 fortschreitung bezeichnen, und von einer basirenden Stimme
163 900 1207 953 absehen, die in vielen Fällen auch eine der Folgebeding¬
158 956 976 1012 ten Fortschreitungen selbst übernehmen wird.
240 1003 1208 1052 Ausser diesen innerhalb der Tonart sich ergeben¬
161 1058 1215 1107 den Trugschlüssen, wird aber eine grössere Zahl sich
158 1117 1225 1156 darbieten, wenn der Schlussaccord einer anderen Tonart
159 1164 1218 1209 angehören darf. Hier steht jeder Weg offen, den die Mo¬
163 1220 1213 1267 dulationsordnung zulässt. Wie wir dem Dominantaccorde
166 1275 1214 1315 noch vier andere Tonartsbedeutungen zusprechen kön¬
160 1323 1207 1372 nen, so kann er diesen gemäss die mannigfaltigsten Fort¬
165 1378 1203 1427 schreitungen nehmen. Diese werden aber hier sowohl,
162 1435 1195 1475 wie für die Trugschlüsse innerhalb der Tonart einge¬
158 1483 1215 1531 schränkt, wenn der zum Schlusse leitende Accord nicht
154 1539 1208 1580 Dominantdreiklang allein, sondern Dominantseptimenac¬
156 1589 1215 1632 cord ist, indem dann die Fortschreitung in der Septimen¬
161 1644 1213 1691 auflösung Bestimmungen erhält, durch die manche der
162 1700 1212 1740 ausserdem möglichen Folgen ausgeschlossen werden. Da¬
156 1747 1208 1793 für treten für den Septimenaccord wieder Schlussfall¬
167 1804 1222 1850 mässige Folgen ein, die es für den Dominantaccord allein
164 1851 1218 1899 nicht sein würden: diejenigen nämlich, die es gegen
157 1907 1212 1955 den oberen der im Septimenaccorde verbundenen beiden
155 1964 1217 2011 Dreiklänge sind. Aber auch ein solcher Trugschluss in
151 2019 1214 2059 andere Tonart wird immer nur auf eines der drei Haupt¬
149 2075 1220 2115 momente, auf die Tonica, Unter - oder Oberdominant
