1444 2597
650 233 729 275 287
242 323 1218 371 In dieser Weise würde jede der hier bezeichneten Ac¬
157 381 1224 424 centbestimmungen nachzuweisen sein und als eine aus
165 428 1226 475 rhythmisch-metrischen Motiven natürlich bewirkte sich
162 483 541 540 rechtfertigen müssen.
248 540 1226 583 Was wir als Tactanfang bezeichnet haben, ist allezeit
163 588 1217 635 ein accentuirtes Moment. Es findet sich als erste Zeit im
162 643 1211 699 Tacte aber auch der Accent zweiter und dritter Ordnung,
164 693 1221 739 der Paares- und der Gliedaccent. Der Tactanfang für die
162 755 1220 802 positive Formation in höchster Ordnung wird nur in die
166 810 1216 851 erste Hälfte, der Tactanfang für die negative Formation
161 859 1209 899 höchster Ordnung nur in die zweite Hälfte vierzeitigen Me¬
163 915 1223 955 trums fallen können. Dann aber wird einer accentuirt
161 965 1213 1010 ersten Zeit eine accentuirt dritte entgegenstehen müssen;
159 1015 1210 1066 denn das Vierzeitige ist allezeit auch ein Doppelzweizei¬
157 1070 1227 1123 tiges: es wird immer auch seine zweizeitige Hälfte mit
168 1116 1217 1163 durchfühlen lassen. Die Doppelzweizeitigkeit seines Gan¬
165 1178 1224 1228 zen ist seine Terzbedingung, wie die Dreizeitigkeit seiner
169 1227 1213 1268 beiden ineinander bestehenden obersten Theile seine Quint¬
163 1276 1223 1322 bedingung, die Zweizeitigkeit seiner drei ineinanderliegen¬
166 1332 931 1380 den Theile seine Octavbedingung enthalten
242 1387 1020 1427 Daher können metrische Formen wie diese:
163 1455 1197 1548 (S. 282. B. b, a-β) $$GRAPHIC (S. 281. B. α, β) $$GRAPHIC,
170 1563 635 1605 nicht die Tactbestimmung
160 1722 1221 1771 erhalten, wiewohl auch mit dieser der Tactanfang, der
165 1780 1215 1820 obersten Bedingung gemäss, in die zweite Hälfte fällt; aber
166 1835 1223 1882 es würde durch diesen Tactanfang das metrisch mit dem
162 1892 1228 1930 ersten correspondirende dritte Glied ein accentloses ge¬
166 1931 408 1979 worden sein:
