1444 2597
724 244 794 291 10
236 345 1290 387 tungsweise in der Musiktheorie nicht eine bereits bekannte
229 388 1248 436 ist und für die erste Auffassung schwer erscheinen kann.
310 443 1288 491 Die weitere Folge führt aber mit dem sich weiter aus¬
234 493 1284 539 breitenden Material auch die Veranlassung immer wieder¬
237 549 1284 595 holt herbei, auf diese ersten Bestimmungen zurückzukom¬
236 603 1284 651 men und sie in ihren Wirkungen erklärend nachzuweisen;
233 652 1282 698 wie auch der im Einfacheren der Erscheinung am schwer¬
235 715 1293 764 sten zu erfassende Sinn sich in der weiteren Entfaltung des
235 770 1289 812 zuerst noch im Keime zusammengedrängten Principes von
232 811 1176 859 selbst zu leichterer Verständlichkeit auseinander legt.
321 867 1290 908 Wie wir von dem Gesetz einer Progression nicht am
239 923 1288 964 einzelnen Gliede, sondern erst an der Folge von Gliedern
238 971 1297 1018 Kenntniss erlangen können; wenn wir aber die Progression
236 1021 1292 1068 kennen, uns dann auch das einzelne Glied als ein in dieser
230 1075 1287 1123 Reihe gewordenes, das die Bedingungen seines Werdens an
230 1135 1289 1172 sich trägt, erkennbar ist: so wird auch unser musikalisch
242 1179 1297 1227 waltendes Gesetz in der Reihe der Funktionen, in denen es
235 1236 1290 1279 zur Wirksamkeit gelangt, sich erst deutlich erkennbar dar¬
237 1291 1291 1331 stellen; dann aber wird auch wieder das einzelne Moment
230 1339 1293 1388 seines Wirkens in der Reihe von Wirkungen, aus denen
241 1396 1128 1435 das Ganze entsteht, leichtere Fasslichkeit erhalten.
323 1444 1289 1492 Für den Eingang wird es nur erforderlich sein, von
234 1499 1299 1547 dem Begriffe des Bildungsprocesses in seiner Ganzheit, in
233 1548 1283 1596 der Einheit seiner drei Momente, die wir in erster Aeusse¬
238 1611 1295 1651 rung als die Intervalle der Octav, Quint und Terz kennen
228 1659 1288 1707 lernen, eine innerliche Vorstellung zu gewinnen, von dem
232 1708 1286 1755 Begriffe, der überall derselbe ist und bleibt, in jeder Bil¬
239 1763 1291 1811 dung und Umbildung: dem, dass Etwas, das für die An¬
232 1812 1285 1868 schauung zuerst in unmittelbarer Totalität (Octav) besteht,
233 1867 1292 1916 in seinen Gegensatz mit sich (Quint) auseinandertrete, und
231 1924 1297 1969 dieser Gegensatz sich wieder aufhebe, um das Ganze als
233 1971 1290 2020 Eins mit seinem Gegensatze (Terz) als in sich vermitteltes
233 2027 891 2075 Ganze wieder hervorgehen zu lassen.
313 2085 1289 2139 In den allgemeinen Sinn dieses Begriffes eingehend,
