1444 2597
678 259 762 308 179
196 348 1239 404 verwandter Tonarten, welche zu der letzten geführt hat.
186 411 1241 451 Es sind aber die Töne c, g, d, der Es-Durtonart nicht mehr
188 459 1242 516 die gleichnamigen der C-Durtonart: C, G, D; ebensowenig
184 522 1251 563 sind die der A-Durtonart A, E, H, entsprechend den
188 564 1234 619 gleichnamigen jener: a, e, h. Dass in der Es- und C-Dur¬
184 611 1246 659 tonart der Ton F, als Oberdominantquint der ersteren und
193 668 1231 714 Unterdominantgrundton der letzteren, beiden gemeinschaft¬
190 723 1236 763 lich ist, ebenso der Ton D, Oberdominantquint der C-Dur¬
185 772 1245 818 tonart, als Unterdominantgrundton der A-Durtonart beiden
195 830 1249 875 gemeinschaftlich angehört, kann eine Tonartverwandtschaft
194 876 1238 923 nicht begründen, denn für die Tonart, als eine Dreiklangs¬
194 940 1238 980 verbindung, kann eben nur der Dreiklang, nicht der ein¬
192 980 1238 1027 zelne Ton ein organisches Verwandtschaftsmoment sein.
192 1035 1239 1075 Der einzelne Ton ist es nur für das Intervall, wie es das
189 1084 682 1131 Intervall für den Accord ist.
270 1140 1245 1179 268. Nach dieser Forderung innerer Verwandtschaft:
194 1188 1249 1235 dass die gleichnamigen Töne in den beiden verschiedenen
194 1244 1233 1287 Tonarten dieselben seien in umgewandelter Accordbedeut¬
195 1305 1244 1347 ung, würde aber durch die Dreiklangsverkettung nur in die
195 1354 1251 1396 nächstliegende Tonart zu gelangen sein, d. i. nach der
188 1396 1245 1441 Unter- und Oberdominanttonart. Wenn auch hier schon die
192 1452 1246 1497 Oberdominantquint (A) der Oberdominanttonart verschieden
190 1506 1242 1546 von der Unterdominantterz (a) der Ausgangstonart, ebenso
195 1555 1236 1604 die Unterdominantterz (d) der Unterdominanttonart, ver¬
192 1603 1252 1651 schieden von der Oberdominantquint (D) der Ausgangstonart
193 1659 1243 1708 sich zeigt, so kann die Forderung der Identität sich auf
192 1714 1245 1756 diese Töne nicht erstrecken, da sie hier aus einer neu
194 1764 1244 1811 eintretenden Quintbestimmung hervorgehen. Die Töne a
193 1827 1246 1859 und D im Systeme der C-Durtonart stehen in keinem
197 1868 1249 1914 Quintverhältnisse, es kann daher die Quint D—A der
193 1923 1248 1963 G-Durtonart nicht die Unterdominantterz a des C-Dursy¬
185 1971 1241 2012 stemes beibehalten wollen. Ebensowenig wird die Oberdo¬
183 2036 1245 2076 minantquint D der C-Durtonart für die Unterdominantterz
181 2076 1244 2122 d der F-Durtonart gesetzt sein wollen, indem diese wieder
