1444 2597
683 244 752 291 71
188 339 1245 388 Absicht liegen kann. Es kann in dieser Strenge allerdings
188 397 1231 443 nur von unmittelbarer Folge reiner Quinten in der Secund¬
186 451 1245 498 fortschreitung, und wo die Töne Accordbedeutung haben, die
191 500 1233 547 Rede sein. Diese Folge aber kommt in einem klaren und cor¬
191 554 1243 596 recten Satze nicht vor; sie unter vielen Stimmen versteckt
196 611 1251 659 als zulässig gestatten zu wollen, heisst nur der Nothluge das
195 660 411 707 Wort reden. —
277 715 1239 771 100. Die Accordfolge, wie sie im Vorstehenden nachge¬
190 764 1238 820 wiesen ist, beschränkt sich noch blos auf die Vermittlung
189 819 1243 864 der Harmonie, und stellt die Dreiklänge eben im abstracten
186 872 1242 915 Sinne der Aufeinanderfolge, wie einer aus dem andern ge¬
189 923 1240 971 worden, dar. Es hat aber jeder Accord, für welchen in
191 979 1242 1027 Vorausgegangenem die Bedingungen der Lage seiner Inter¬
187 1029 1250 1075 valle als Folgeaccord enthalten sind, in seiner Gegenwart
195 1083 1246 1131 auch eine Geltung der Selbständigkeit in Anspruch zu
185 1144 1244 1196 nehmen, oder einer Begründung für sich, und diese erhält er
187 1187 1245 1235 durch den Grundton, als Basis oder Bass, und kann sie
184 1236 1236 1291 auch noch in der Terz, als untersten Ton gesetzt, finden,
185 1291 1242 1339 indem diese in ihrer wesentlichen Bedeutung Grundton und
189 1347 1242 1394 Quint in sich zusammenfassend, den ersteren mit enthält.
190 1403 1234 1445 Nicht aber wird einer Dreiklangsharmonie diese Selbständig¬
192 1451 1243 1500 keit zukommen können, in welcher die Quint tiefster oder
187 1509 1237 1549 Basston geworden ist, denn die Quint ist eben das entschie¬
190 1555 1238 1603 den Entgegengesetzte des Grundtones und wird daher, in
198 1612 1242 1658 den Bass gesetzt, den Accord als einen entschieden nicht
194 1668 1241 1707 für sich begründeten bezeichnen. So findet auch eben der
192 1716 1247 1764 Quartsextaccord immer nur unter besonderen Bedingungen
188 1772 1247 1819 des Vorausgehenden und Nachfolgenden seine zulässige
188 1819 417 1880 Anwendung.
272 1875 1244 1931 101. Eine Accordfolge, die vom Dreiklange ausgehend
183 1932 1237 1970 sich dreistimmig fortsetzen muss, wird sonach zu Begrün¬
189 1980 1240 2026 dung einer selbständigen Gegenwart für jedes ihrer Folge¬
184 2044 1245 2092 glieder, wo diese Begründung nicht in der durch die Folge
180 2091 1241 2131 bedingten Lage des Accordes selbst enthalten ist, einer
