1444 2597
699 235 784 283 358
213 332 1286 377 werden, wo die nähere Betrachtung dieser besonderen Art
218 380 1285 428 metrischer Formation überhaupt nur beispielsweise, als
224 436 1270 491 Nachweisung des allgemein Gesetzlichen in einer concreten,
222 492 1280 537 als bekannt vorauszusetzenden Form geschehen ist. Eine
222 540 1271 587 theoretisch-praktische Verslehre, eine Erklärung der ge¬
216 596 1266 644 bräuchlichen Versmaasse mit ihren specifischen Eigenthüm¬
213 649 1279 690 lichkeiten aufführen zu wollen, liegt wieder sowenig in
215 700 1277 747 der Absicht dieser Untersuchungen, als der vorhergehende
222 748 1271 805 harmonische Theil eine Generalbasslehre oder Anweisung
222 802 1279 852 zum praktischen Gebrauche der Accorde enthalten will.
221 859 1269 907 Wie jener eben nur das harmonisch- und melodisch-Natur¬
223 923 1274 963 gesetzliche an sich, das, worauf alles praktisch Anwendbare
213 963 1269 1011 begründet ist, zu untersuchen unternimmt, so ist auch hier
217 1026 1267 1074 nur das rhythmisch-metrisch Naturgesetzliche an sich, was
221 1067 1270 1115 für die musikalische wie für die Sprachmetrik dasselbe
219 1124 1277 1172 ist, in seinen Principien darzulegen. Wir haben es nur
213 1180 1270 1226 mit dem vernünftigen Grunde der Erscheinungen zu thun,
214 1233 1276 1275 nicht mit den Erscheinungen selbst und müssen diese
217 1290 1275 1338 entlassen; sobald sie ihre Begründung gefunden haben. Es
214 1331 1270 1380 bleiben überall Verbindungsfäden stehen, an welche für
219 1388 1275 1434 weitere Ausführung der besonderen Theile anzuknüpfen
217 1436 1271 1483 sein würde; von einem bewährten Principe aus, wird es
212 1492 1269 1535 weniger schwer sein, den Complex mannigfaltiger Ver¬
218 1547 1279 1587 zweigung zu verfolgen und die Besonderheiten an den Er¬
214 1602 1272 1652 scheinungen als organisch-bestimmte zu erkennen, die
217 1651 1262 1707 vereinzelt betrachtet oder nur äusserlich zusammenge¬
206 1709 1267 1747 stellt uns leicht als willkürliche Bildungen vorkommen
210 1756 1268 1796 werden, was sie doch auf keine Weise sind und sein
210 1811 354 1851 können.
309 1883 1173 1937 Katalektisches und akatalektisches Metrum.
259 1954 1219 1996 Die sprach-metrische und die musikalisch-metrische
621 2003 838 2059 Ausführung.
289 2068 1272 2115 181. Wir haben im Vorstehenden den Ausgang der
199 2123 1264 2172 beiden Tripodieen des Pentameters mit einer Pause bezeich¬
