1444 2597
715 226 787 267 354
213 325 1282 370 nur von der metrischen Form an sich die Rede, in welcher
217 371 1280 419 die rhythmische Gestaltung wieder ihre besonderen Be¬
218 427 1282 467 stimmungen erhält. In metrischem Sinne ist hier nur die
217 475 1284 523 Frage, wenn wir es nach musikalisch empirischer Weise
223 538 1284 580 ausdrücken sollen: ob das Sechsfache des Metrums ein ⁶⁄₈
222 579 1289 627 oder ³⁄₄ Tact sei; ferner, ob es mit vollem Tacte, mit dem
223 635 1281 683 Niederschlage, oder mit dem Auftacte beginne; und im
225 692 1261 731 letzteren Falle: wie viele Glieder dem Auftacte angehören.
307 739 1283 787 176. Das sechsgliedrige Metrum kann als zweimal
214 796 413 843 dreifaches
215 965 909 1027 sich metrisch zeigen in den 6 Formen:
228 1474 736 1515 als dreimal zweifaches aber:
224 1635 555 1684 in den 6 Formen:
