1444 2597
660 220 743 267 244
372 331 1021 383 b) Dreifach, im vierzeitigen Metrum.
253 419 1223 465 38. Die Accente des vierzeitigen Metrums, insofern
176 467 1226 522 sie die Glieder dieser Formation in ihren Paaren betreffen,
172 532 1237 571 sind schon nachgewiesen: die drei ersten Zeiten sind in
169 586 1221 627 dieser Bedeutung accentuirt, die vierte ist accentlos. In der
168 629 1230 675 höheren Ordnung haben wir bei dem dreizeitigen Metrum
177 683 1232 731 auf der ersten Zeit den Accent des ersten Paares, mit
176 732 1224 786 dem Accente des ersten Gliedes in diesem Paare ver¬
172 788 1232 835 bunden, auf der zweiten nur den Accent des ersten Glie¬
173 843 1229 891 des im accentlosen zweiten Paare, die dritte accentlos
169 899 353 954 gefunden.
266 947 1229 995 Wenn das Dreizeitige zu dem Vierzeitigen fortschrei¬
169 1004 1226 1051 tet, wenn das Vierzeitige als aus dem Dreizeitigen ent¬
173 1051 1235 1099 standen, als Folge von diesem gefasst werden soll, so
171 1107 1231 1155 kann das begriffsgemässe Eine und Andere der letzten
173 1164 1232 1210 Form eben nur wieder in der Entgegensetzung des Drei¬
173 1226 880 1260 zeitigen mit sich selbst gesucht werden.
264 1268 1226 1316 39. Wie das Dreizeitige ein Erstes und Zweites der
175 1323 1228 1365 Zweizeitigkeit enthält, so wird das Vierzeitige, in Folge
174 1372 1232 1419 des Dreizeitigen, in einem Ersten und Zweiten der Drei¬
170 1428 724 1475 zeitigkeit bestehen müssen.
258 1756 1234 1795 40. Es ist diese Seite der organischen Beschaffenheit
172 1803 1228 1857 des vierzeitigen Metrums nicht das, was in der Wirkung
177 1859 1233 1907 als die Hauptgliederung desselben hervortritt; vielmehr ist
172 1923 1234 1956 es der eben auch darin enthaltene Gegensatz der ersten
169 1971 1237 2019 und zweiten Hälfte des Ganzen: das Zweimal-Zwei, wie
168 2019 1236 2059 im doppel-zweizeitigen Metrum. Man fühlt aber leicht die
176 2068 1238 2122 engere Vermittlung dieser beiden Glieder im vierzeitigen,
