1444 2597
683 220 759 267 146
190 316 1246 363 behaupten können: der Accord D|F-a-C ist zu sehr der
188 369 1250 416 Umdeutung in den die Einheit e nicht aufhebenden d-F-a-C
195 419 1246 466 ausgesetzt. Daher nur in der Molltonart, wo am Septimen¬
189 477 1252 515 accorde dieser Stelle die Zweideutigkeit nicht vorhan¬
189 524 1251 580 den ist, derselbe sich in die Terz-quart-sextlage wird
189 579 1246 626 verwenden lassen, D|F-as-C in der Lage as-C-D|F, oder
196 635 1256 683 sonst in anderen Versetzungen, welche die relative Quint
195 684 1246 731 des Accordes, as, als Bass enthalten, wird erscheinen kön¬
188 740 1247 795 nen; nicht aber D|F-a-C als a-C-D|F, ausser der Herleitung
188 791 1236 836 des Tones a aus dem h, wie in der Folge: h-D-F...a-C-D-F.
188 843 1014 891 oder seinem Gebundensein in a-C-e...a-C-D-F.
269 900 1252 944 219. — Es wird für die Einsicht in das Wesen der
191 947 1246 995 Accordbildung und Umbildung vor Allem der Gedanke
184 1003 1246 1057 einer fertigen, vorausbestimmten Tonreihe immer fern zu
186 1053 1245 1100 halten sein. Der Accord wird nicht durch gegebene Töne
184 1107 1248 1147 bestimmt, sondern diese gehen selbst erst als harmonisch-
183 1155 1243 1211 bestimmte aus dem lebendigen Weben und Wirken des
181 1223 1253 1259 Accordbegriffes hervor. Es ist der harmonische Gedanke
190 1267 1242 1307 selbst, der in diesen Intervallbestimmungen sich verkör¬
186 1323 1241 1371 pert, als die Seele, die sich den Leib in ihnen bildet.
187 1371 1243 1417 Was einen Terzton vom gleichnamigen Quinttone, was
190 1428 1245 1474 d vom D unterscheidet, ist nicht die geringe Differenz der
186 1476 1237 1523 Klanghöhe beider Töne, sondern die ganz differente Gene¬
189 1531 1243 1579 ration des einen und anderen: dass D mit G, d mit a im
191 1582 1235 1631 Quintverhältnisse steht, der eine Ton der Oberdominant¬
189 1644 1244 1682 seite, der andere der Unterdominantseite zugehört, ist ihr
192 1691 1246 1739 wesentlicher Unterschied. Ebenso ist a von dem zu D
190 1740 1240 1795 Quint-bildenden A unterschieden, und kann sonach mit
185 1801 1241 1851 D keine Quintverbindung eingehen. Daher wir eine Folge
192 1852 1250 1907 wie C-e—C—G...D-F—h—a, bei welcher die Bedeutung
185 1904 1247 1948 des Tones a im zweiten Accorde deutlich ausgesprochen
189 1956 1242 2002 ist, nicht als Quintparallele hören; die entgegengesetzte
186 2012 1244 2059 D-F—h—a...C-e—C—G aber, indem sie in den äusseren
180 2070 1248 2120 Stimmen, D—a...C—G, den Uebergang gleicher Bewegung
