1444 2597
630 227 690 267 45
125 317 1189 363 Töne in verschiedener Bedeutung nicht vorkommen, eben
129 371 1190 418 so wenig als zwei chromatisch verschiedene Töne darin
130 420 1188 468 enthalten sind. Enharmonisch verschiedene Töne liegen
138 475 1188 523 innerlich so weit auseinander, dass ein harmonisches Zu¬
134 532 893 579 sammentreffen derselben nicht möglich ist.
212 587 1188 626 51. Wenn man den Dissonanzdreiklang, welcher die
129 636 1196 677 Terz der Oberdominant zum Grundtone hat, z. B. in der
132 691 1195 738 C-Durtonart: h-D|F, einen verminderten nennt, so können
135 747 1197 796 wir dieselbe Benennung für den Dreiklang auf der Quint
140 795 1183 851 der Oberdominant, D|F-a, anwenden, denn es ist D—a,
136 858 1190 899 nach dem Vorigen, so wenig Quint, als es h—F ist. Beide
133 907 1193 947 Accorde haben eine Zweiheit der Basis; die Unter- und
140 955 1196 1004 Oberdominant: F und G. Ebenso in der Molltonart die Drei¬
133 1011 514 1068 klänge h-D|F, D|F-as.
213 1067 940 1107 52. Demnach enthält das Dursystem:
129 1331 1203 1396 drei Dur-, zwei Molldreiklänge und zwei verschiedene ver¬
133 1387 508 1435 minderte Dreiklänge.
214 1436 560 1499 Das Mollsystem:
127 1699 1187 1739 enthält in erster Ordnung nur einen Durdreiklang, den der
132 1749 1190 1795 Oberdominant. Ein zweiter ergibt sich als Zwischenaccord der
127 1811 1194 1851 zwei Molldreiklänge der Unterdominant und Tonica. Ferner
133 1857 1187 1899 sind darin zwei verminderte Dreiklänge, auf der Terz und
135 1915 1190 1956 auf der Quint der Oberdominant enthalten, bestehend auf den
126 1963 1189 2019 Basen der beiden Dominanten, wie im Dursysteme; und zuletzt
133 2017 1190 2060 der sogenannte übermässige Dreiklang, auf der Mollterz der
133 2067 1190 2115 Tonica, welcher die Zweiheit seiner Natur auf die herbste
