1444 2597
615 228 699 274 157
125 320 1180 379 nicht in der Accordvermittlung, welche in Fis|A-c-E-gis
116 380 1180 414 nicht besteht, aber doch in der melodisch an sich im Sy¬
122 428 1180 475 steme vermittelten Fortschreitung; während sie im A-Moll¬
121 483 1176 539 systeme nach dem f keine melodische Fortschreitung findet,
128 531 1176 579 wonach hier also nur die Lösung durch den aufwärtstre¬
116 588 1182 634 tenden Grundton anzuwenden ist, die wir nicht als die
116 636 1183 683 hauptsächlich geltende sich haben bewähren sehen. In¬
117 691 1184 738 dess ist durch diese Lösung immer die Möglichkeit dieses
123 747 888 804 Septimenaccordes im Mollsysteme gegeben.
157 798 1186 843 II. a) Der Septimenaccord auf der tonischen Terz des
278 852 734 900 Molltonartsystemes, z. B.
226 956 1178 1002 b) derselbe als Septimenaccord auf der Unterdomi¬
282 1012 1180 1059 nantterz der Moll-Durtonart; der eben bezeichnete
281 1067 648 1112 z. B. in der Tonart:
146 1195 1183 1243 III. Der Septimenaccord auf der tonischen Terz des nach
228 1256 1187 1307 der Unterdominantseite übergreifenden Systemes der
216 1307 1071 1362 Molltonart. In Bezug auf die A-Molltonart z. B.
227 1420 564 1475 aus dem Systeme:
119 1538 1186 1594 Dieser wird, indem er das verminderte Terzintervall gis|b
122 1588 1180 1635 in der Grenzverbindung enthält, die ihm angemessene Lage
118 1644 1180 1684 wieder nur in der Umkehrung dieses Intervalles als über¬
127 1700 632 1754 mässige Sext finden können.
209 1748 1177 1802 Der Septimenaccord, den wir auf der tonischen Quint,
130 1804 1178 1859 oder dem Oberdominantgrundtone dieses Systemes erhalten,
122 1865 1169 1907 — E-gis|b-D, — ergibt sich gleichförmig dem Septimenac¬
117 1916 1175 1954 corde auf der Oberdominantquint des nach der Oberdomi¬
122 1956 1188 2014 nantseite übergreifenden Molltonartsystemes, hier also des
116 2012 1081 2059 D-Mollsystemes mit der Terz der Oberdominantquint:
