1444 2597
697 227 774 268 360
210 315 1264 364 hen, wo eine logische Cäsur, ein Gedanken-Ein- oder Ab¬
212 379 1262 419 schnitt stattfindet; der aber eben an dieser Stelle wieder
214 427 1265 467 nicht zu oft eintreten darf, wenn die Verse sich nicht
208 476 1262 523 lyrisch absetzen, sondern zu fortgesetzter Rede sich ver¬
205 532 1267 572 binden sollen. Daher wird ein katalektisches Metrum in
211 579 1273 627 seiner Fortsetzung mehr durch nüancirende Betonung, die
207 636 1269 682 an sich ein rhythmisches Moment gegen die anderen in
212 691 1258 740 seiner metrischen Bedeutung, d. h. als erstes, zweites,
213 739 1271 787 drittes oder viertes zu bezeichnen vermag, sich erhalten
209 796 1259 835 müssen, als es durch fortgehende Tactbewegung gesche¬
209 844 390 890 hen kann.
305 900 1268 946 182. Hier findet allerdings ein wesentlicher Unter¬
209 955 1271 995 schied zwischen der musikalischen und der Sprachmetrik
217 1003 1265 1050 statt, indem die erstere sich nicht erlauben wird, vor völ¬
210 1059 1276 1107 ligem Ablaufe eines Tactes einen neuen zu beginnen; die
209 1108 1279 1154 in der Beschaffenheit ihres Inhaltes aber auch gar nicht in
221 1164 1272 1211 die Nöthigung kommen kann, es zu thun, da dieser der
208 1227 1267 1268 metrischen Bestimmung ganz hingegeben, ohne anderen
212 1267 1270 1315 Bedingungen zu unterliegen, seine zeitliche Gestaltung von
208 1323 717 1379 ihr allein zu empfangen hat.
300 1371 1271 1417 183. Ein anderer Unterschied zwischen sprachlicher
212 1435 1275 1483 und musikalischer Metrik besteht noch darin, dass jene
209 1476 1269 1524 nicht die grösseren Contraste in der Dauer ihrer rhythmi¬
214 1532 1273 1579 schen Momente bieten kann, wie die letztere, welche
215 1580 1277 1627 längste und kürzeste Tactglieder zu rhythmischen Figuren
219 1643 1266 1684 verbindet, wo jene nur Zeitunterschiede von Einfachem
212 1691 1266 1734 und Doppeltem metrisch zusammenstellt; diese zwar in der
212 1739 1255 1795 praktischen Ausübung mannigfach modificirt, aber auf un¬
218 1796 1274 1851 bestimmbare Weise und doch immer nur in der Bedeutung
214 1844 743 1899 jener metrischen Verhältnisse.
307 1899 1275 1947 Von dem Ineinanderliegen mehrerer Ordnungen in der
211 1956 1269 1997 Gestaltung des Metrums selbst, insofern es ein zweimal¬
211 2003 1273 2052 dreifaches, dreimalzweifaches u. s. w. ist, kann natürlich
209 2059 1274 2115 die Rede hier nicht sein; dieses hat das Sprachmetrum mit
211 2122 1273 2155 dem musikalischen gemein: sondern nur von den Unter¬
