1444 2597
729 237 789 283 38
222 332 1287 378 Eine positiv Anderes werde; hier: dass das positiv
224 387 1290 435 Eine negativ Eines werde. Jener enthält den Gegensatz
225 443 1285 483 von Sein und Werden, dieser den Gegensatz von Sein
229 492 1279 540 und Nichtsein. Jenes ist das Fortleben in Anderem, die¬
220 548 1208 596 ses ist die Einzelheit und Einschränkung in sich selbst.
317 603 1284 643 41. Die Durtonart ist übergehend in andere Durtonarten.
228 652 1285 707 Die Molltonart ist vereinzelt, ohne vermittelten Uebergang
220 708 1271 755 in andere. Wenn sich beim Durbegriffe ein System von Ton¬
226 763 1282 811 arten darstellen liess, das eine Haupttonart als Mitte, mit
220 812 1267 859 ihren Nebentonarten enthielt; jede Nebentonart sodann wie¬
222 868 1271 922 der als Haupttonart mit Nebentonarten auftreten konnte,
229 916 1284 962 ohne den Bedingungen der ersten als Tonart zu wider¬
223 979 1286 1027 sprechen, so ist diesem Einheitsbegriffe des Dursystemes der
217 1028 1274 1069 Begriff der Trennung, aus welchem das Mollsystem hervorgeht,
221 1076 1284 1123 im Principe entgegen. Die Moll-Nebentonarten würden die
216 1132 1281 1187 Grundbedingungen, auf denen die Moll-Haupttonart beruht,
219 1188 1249 1227 nicht mehr gelten lassen und somit diese selbst aufheben.
305 1715 1283 1764 Die F-Molltonart, als Unterdominant der gegebenen
218 1771 1279 1827 C-Molltonart, widerspricht in ihrem Oberdominantaccorde,
217 1827 1279 1883 C-e-G, der als Hauptsache gesetzten Negation, C-es-G,
221 1876 1275 1923 der positiven Einheit, G-h-D; die G-Molltonart, als Ober¬
212 1931 1287 1977 dominant der gegebenen, widerspricht, in G-b-D, dieser
207 1980 645 2035 positiven Einheit selbst.
301 2035 1285 2082 42. Die Accordreihe des Durtonart-Begriffes setzt sich
216 2091 1288 2136 in einer gleichen Form unendlich fort, als eine Kette von
