1444 2597
703 244 770 291 58
205 340 1259 383 derfolge harmonisch gleichzeitiger Intervalle hat die Stim¬
209 396 1264 436 me das Zwischenliegende in seinen harmonischen Mo¬
211 459 1271 491 menten zu durchgehen, um das entferntere Intervall zu
213 499 1268 547 fassen. Die Fortschreitung F..h als Quart, in der C-Dur¬
203 555 1262 595 tonart, der sogenannte Tritonus, enthält dieselbe Schwie¬
212 604 1266 651 rigkeit des Ueberganges, wie die von der sechsten zur
207 669 1269 715 siebenten Stufe, in der Dominantterz-Bedeutung, wie¬
209 716 1272 763 wohl hier ein Accordwechsel nicht vorhanden ist, indem
213 764 1275 812 beide Töne dem Accorde A-D|F angehören; der Wechsel ist
213 820 1272 867 aber im melodischen Uebergange enthalten, indem dieser
208 884 1267 924 eben nur durch den zwischenliegenden Raum mit seinen
210 924 1269 971 harmonischen Bestimmungen, hier also durch F..G..a..h
210 979 1269 1035 geschehen kann, wo die Trennung zwischen a..h wieder un¬
216 1036 1267 1075 melodisch in den Weg tritt. Dieselben Töne h..F, als ver¬
214 1084 1270 1131 minderte Quint, bieten für die melodische Folge kein Hin¬
204 1140 1271 1187 derniss, weil der Uebergang in h..C..D..e..F ein in allen
204 1195 1271 1235 Zwischenmomenten vermittelter ist. Es werden sich aber alle
208 1244 1265 1291 übermässigen Intervalle aus diesem Grunde unmelo¬
206 1300 1270 1346 disch, in ihrer Umkehrung, als verminderte, melo¬
208 1348 819 1396 disch, d. h. vermittelt erweisen.
475 1467 1009 1514 Tonleiter der Moll-Tonart.
291 1564 1268 1609 74. Die Leiter der Durtonart ist eine zeitliche Aus¬
212 1619 1258 1667 einanderlegung der harmonischen Bestimmungen des Dur¬
207 1668 1258 1722 tonartsystemes, und ist in diesem vollständig enthalten;
217 1723 1271 1779 jede melodische Stufe ist durch ein harmonisches Moment
212 1781 1130 1835 aus dem in sich abgeschlossenen Systeme bestimmt.
288 1828 1267 1876 75. Die Molltonleiter wird bis zu ihrer sechsten Stufe
210 1883 1269 1932 sich in ganz gleicher Weise wie die Durtonleiter bilden
210 1939 1276 1987 können, indem dort wie hier die ersten drei Stufen durch
209 1987 1272 2036 die Quint, die folgenden drei durch den Grundton sich ver¬
206 2043 1265 2090 mitteln. Wie aber in der Durtonleiter die sechste und sie¬
202 2106 1265 2155 bente Stufe sich zuerst getrennt zeigten und nur in einer
