1444 2597
689 211 785 256 375
196 484 1185 540 in allen metrischen Folgebestimmungen zu setzen sein.
288 539 1263 587 9. In diesen Folgen wird der relativ gesetzte Accord
201 595 1259 643 der Unterdominantseite auch dem Unterdominantaccorde,
209 644 1270 691 der relativ gesetzte Accord der Oberdominantseite dem
199 699 1271 747 Oberdominantaccorde verwandt erscheinen, so dass bei
198 746 403 809 den Folgen
202 924 467 980 die Bedeutung
189 1092 481 1148 bei den Folgen
204 1279 461 1331 die Bedeutung
198 1467 1254 1522 durchklingt. Da es aber hauptsächlich der Terzton ist,
201 1518 1254 1572 welcher in diesen Nebenaccorden den Dominantanklang
206 1572 1244 1619 entstehen lässt, indem durch a hier der Unterdominantac¬
207 1626 1258 1675 cord, durch h der Oberdominantaccord in Anregung kommt;
202 1676 1251 1722 so wird der Molldreiklang der Unterdominantseite, indem
207 1731 1259 1779 er Grundton und Terz des tonischen Dreiklanges enthält,
202 1788 1255 1835 eben auch diesen tonischen Dreiklang selbst zu vertreten
205 1836 1253 1890 geeignet sein. Es hängt hier zu Vieles ab von der beson¬
202 1884 1254 1930 deren Stellung, von dem Hervortreten des einen oder an¬
204 1939 1261 1987 deren Accordintervalles, als dass eine allgemein gültige
201 1989 1255 2035 Substitutionsbestimmung der Nebenaccorde für die Haupt¬
201 2052 1260 2091 accorde sich abstract könnte festsetzen lassen. Im concreten
