1444 2597
658 235 715 283 85
147 337 1217 371 unter Accorden in der Reihe der Septimenharmonieen auf¬
163 394 1211 435 getreten; er zeichnet sich aber, wie wir aus Erfahrung
156 436 1215 481 wissen, durch eigenthümlichen Character vor allen übrigen
154 492 778 547 Septimenaccorden entschieden aus.
248 540 1211 586 124. Zur Uebersicht fassen wir erst nochmals die drei
159 595 1216 642 Arten der Dreiklangsfortschreitung in Bezug auf die daraus
153 658 1210 699 entstehenden Septimenharmonieen zusammen, in der Ord¬
154 699 1214 747 nung, wie sie zuvor als Accordfolge an sich, ohne gleichzei¬
153 755 766 812 tige Combination verzeichnet war.
241 805 1212 851 I. Septimenaccord, welcher durch den Uebergang aus
291 859 1216 907 einem Dreiklange in einen anderen, durch zwei
293 916 1064 955 Töne mit dem ersten verbundenen entsteht.
330 964 1209 1012 a) Vom tonischen Dreiklange nach dem Moll¬
378 1015 1210 1075 dreiklange der Unterdominantseite, von C-e-G
381 1075 599 1116 nach a-C-e:
316 1227 1209 1270 b) vom tonischen Dreiklange nach dem Moll¬
385 1284 1220 1323 dreiklange der Oberdominantseite, von C-e-G
386 1332 597 1379 nach e-G-h:
227 1492 1214 1538 II. Septimenaccord, welcher durch den Uebergang aus
284 1547 1209 1587 einem Dreiklange in einen anderen durch einen Ton
290 1596 965 1642 mit dem ersten verbundenen entsteht:
325 1651 1201 1695 a) Vom tonischen Dreiklange nach dem Dominant¬
371 1708 1211 1748 dreiklange der Unterdominantseite, von C-e-G
374 1755 599 1804 nach F-a-C:
319 1900 1213 1945 b) Vom tonischen Dreiklange nach dem Dominant¬
376 1948 1217 1996 dreiklange der Oberdominantseite, von C-e-G
368 2004 608 2051 nach G-h-D:
