1444 2597
704 235 794 276 206
207 324 1274 364 Sonatenform uns bekannt ist, die wesentlich im ho¬
221 379 1276 427 mophonischen Satze, mit unterschiedenen Perioden
219 427 1275 475 besteht, entgegengesetzt der Fugenform, die, poly¬
210 483 1275 540 phonisch gewebt, eine Scheidung der Perioden, und
213 539 1277 587 ebenso auch eine abstracte Bestimmung der modulatorischen
208 597 1284 635 Folge weniger zulässt, wie überhaupt, aus hier nicht zu
216 643 1279 691 erörternden Gründen, ein modulatorischer Reichthum sich
209 700 699 739 in ihr nicht entfalten kann.
304 749 1278 794 304. Abweichende Modulationsordnungen würden nur
217 804 1270 851 darin bestehen können, wenn die Haupttonart, anstatt nach
218 852 1270 900 der Oberdominant überzugehen, eine der anderen Ver¬
216 914 1276 963 wandtschaften aufsuchte, wie wir sie früher besprochen
219 963 1274 1011 haben, von denen nur immer die der Unterdominant
209 1012 1279 1060 ausgeschlossen bleiben wird. So sehen wir bei Beethoven
221 1068 1272 1116 einigemal in Dursätzen den Hauptton nach einer Terz-ver¬
214 1124 1283 1169 wandten Dur- oder Molltonart sich wenden und den ersten
211 1171 821 1219 Abschnitt in dieser abgeschlossen.
303 1228 1274 1275 305. Die Molltonart hat ihre hauptsächliche Verwandt¬
208 1275 1271 1323 schaft in der Durtonart ihrer tonischen Terz, indem diese
218 1332 1265 1378 aus der negativen Terzbedeutung in die positive Grundtons¬
216 1388 1272 1436 bedeutung übergeht, der negative Grundton die positive
217 1436 1273 1483 Terzbedeutung annimmt (A-Moll, C-Dur). Sie ist die am
212 1492 1275 1539 Meisten gegensätzlich begründete und erscheint darum am
213 1540 1274 1587 Allgemeinsten angewendet. Eine fast ebenso entschieden
211 1607 1275 1650 gegensätzliche Verwandtschaft findet die Molltonart auch in
212 1652 1275 1700 der Durtonart ihrer Unterdominantterz: wenn die negative
206 1705 1278 1755 tonische Terz positive Quintbedeutung, die negative Quint
208 1755 1260 1811 positive Terzbedeutung erhält (A-Moll, F-Dur). Auch die¬
216 1812 1265 1859 ses Verhältniss gewährt eine wohlzulässige modulatorische
214 1860 1269 1907 Form für die erste Abtheilung eines Tonstückes; — denn
208 1916 1278 1963 von dieser ersten Abtheilung kann allein hier die Rede
205 1972 1275 2027 sein, da nur in ihr ein bestimmteres Entgegenstehen ver¬
210 2020 1272 2066 wandter Tonarten und die Festsetzung einer zweiten gegen
201 2075 1271 2115 eine erste stattfindet. Für die weitere modulatorische Führ¬
