1444 2597
704 237 745 274 8
195 323 1256 371 tung einer Tonart oder Tonleiter, von willkührlichen Ver¬
195 381 1258 434 änderungen, Erhöhungen und Vertiefungen der natürlich
197 434 1252 489 gegebenen Tonstufen kann, wiewohl man solches von sonst
197 485 1256 538 verständigen Leuten oft sagen hört, vernünftiger Weise doch
190 532 619 579 immer keine Rede sein.
288 595 1261 651 Was nicht auf allgemeiner, überall gültiger Bestimmung
189 644 1256 698 beruhet, könnte nicht überall und allgemein verstanden
201 704 347 747 werden.
279 764 1254 808 Das musikalisch Richtige, Correcte, spricht uns mensch¬
201 812 556 860 lich verständlich an.
286 875 1256 923 Das Fehlerhafte spricht uns nicht als Ausdruck für et¬
199 931 1259 983 was Fehlerhaftes an, sondern es spricht uns eben gar nicht
193 979 1242 1025 an, es findet keinen Anklang in unserem Innern. Wir kön¬
201 1036 1259 1082 nen es nicht verstehen, denn es hat keinen verständlichen
192 1083 1251 1131 Sinn. Könnte das Incorrecte Ausdruck sein für das Fehler¬
203 1147 1249 1186 hafte, für das Böse, das Hässliche, so würde es nicht aus¬
200 1202 1253 1250 geschlossen werden müssen von den Mitteln ästhetischer
206 1244 1260 1291 Darstellung. So wenig aber der Maler durch absichtliche
197 1300 1246 1343 Verzeichnung wird einer künstlerischen Intention nachkom¬
193 1348 1257 1395 men wollen, ebensowenig wird der Musiker das Incorrecte
200 1404 1255 1451 zum Zweck charakteristischer Darstellung anwenden kön¬
201 1460 1247 1508 nen; wie die Anekdote von einem Componisten erzählt,
201 1507 1261 1555 der die Worte: „Da ist keiner unter uns, der Gutes thue”
197 1564 1261 1611 durch eine Reihe von Quintparallelen passend auszudrücken
197 1621 1264 1668 geglaubt hat. Hier ist es nur allein der Componist, der nicht
204 1667 1150 1715 Gutes thut, jede Quint für sich thut ganz was sie soll.
282 1732 1253 1771 Die Richtigkeit, die Correctheit des Satzes ist die Be¬
194 1785 1257 1828 dingung, unter der überhaupt erst ein Sinn ausgesprochen
194 1835 448 1882 werden kann.
278 1907 1248 1949 Diese Richtigkeit, d. i. Vernünftigkeit der musikali¬
193 1964 1259 2003 schen Gestaltung hat zu ihrem Formationsgesetz die Einheit
197 2019 1254 2068 mit dem Gegensatze ihrer selbst und der Aufhebung dieses
195 2069 1255 2116 Gegensatzes: — die unmittelbare Einheit, die durch ein
