1444 2597
739 243 803 283 74
239 332 1299 379 märer zum Ausgangspuncte werden, und die Uebergänge in
245 387 1302 435 die übrigen Dreiklänge werden sich dann im Verhältnisse
245 436 1305 483 der Verwandtschaft ganz so bilden müssen, wie jene vom
231 492 1296 539 Dreiklange der Tonica ausgehenden: Der Uebergang von
239 548 1300 587 D|F-a nach F-a-C, wie der von C-e-G nach e-G-h, von D|F-a
245 602 1141 644 nach e-G-h, wie von C-e-G nach D|F-a, und so fort.
324 651 1294 694 106. In der Molltonart stellt sich, wenn die Accord¬
238 701 1290 754 verbindung innerhalb des Systemes geschehen soll und nicht,
243 755 1299 803 wie die Tonleiter, über dasselbe hinausgreifen darf, zwi¬
242 811 1292 852 schen der Terz der Unterdominant und der Terz der Ober¬
243 860 1295 906 dominant allezeit das Hinderniss der melodisch unvermit¬
241 923 1299 971 telten übermässigen Secund der Fortsebreitung in den
246 971 1292 1010 Weg. Sie ist eben nicht zu umgehen, sie ist nur zu über¬
236 1027 1294 1067 springen und characterisirt die Natur des in sich selbst
241 1075 1294 1123 im inneren Zwiespalte begriffenen Systemes. Der Ueber¬
238 1124 1295 1179 gang aus C-F-as nach dem Dreiklange der siebenten Stufe,
239 1180 1304 1227 h-D|F, wurde nur in die Lage D-F-h führen können; wiewohl
236 1227 1296 1276 die Führung von C-F-as nach der primären Lage h-D|F den
241 1285 1302 1330 übermässigen Secundschritt der oberen Stimme vermeiden
237 1340 1305 1380 liesse, so ist in dieser Form der Accordfolge eine innere
240 1388 1296 1435 Verbindung nicht enthalten, was sich durch die verdeckten
244 1444 1299 1491 Quinten der äusseren Stimmen von C—as nach A—F zu
238 1500 508 1555 erkennen gibt.
653 1621 876 1666 Dissonanz.
325 1708 1304 1760 107. Die melodische Folge als Zusammenklang
237 1771 806 1820 gesetzt, ist die Dissonanz. —
325 1817 1288 1867 Wenn auf den Ton C in der C-Durtonart der Ton e, F,
233 1868 1289 1907 G oder a folgen sollte, so nennen wir das in dem hier be¬
239 1924 1292 1964 absichtigten Sinne nicht eine melodische Folge, indem jeder
243 1973 1287 2020 dieser verschiedenen Töne mit C immer ein Dreiklangsin¬
239 2028 1297 2074 tervall, in directer oder versetzter Lage, bildet, und damit
240 2084 1309 2124 wesentlich harmonische Bedeutung zu ihm hat. Als
