1444 2597
721 236 789 283 44
307 332 1277 374 48. Was die Temperatur für die Instrumente mit fest¬
217 387 1280 430 bestimmten Tonstufen zu leisten hat, diese Unterschiede, in
224 436 1274 490 allen Arten ihres Vorkommens, vertheilend auszugleichen,
228 491 1275 539 kann auf das Wesen und die Bedeutung der Intervalle keinen
216 548 1277 587 Einfluss haben. Die temperirte Quint will nicht als eine
222 596 1286 643 vertiefte, die in der Temperatur zu hoch gewordene Terz
227 658 1281 699 nicht als eine erhöhete gehört werden, sondern es wollen
221 707 1279 754 diese Intervalle für rein gelten. Der Sänger temperirt nicht;
225 756 1282 804 er hat; wie wir es an der Bildung der Tonleiter sehen wer¬
228 812 1286 859 den, für seine Intonation keine andere Bestimmung als die
225 867 1283 906 der Quint und Terz, wonach er seine Intervalle in voll¬
229 916 1279 979 kommener Reinheit zu nehmen sich bestrebt. Der Grund
222 979 1286 1027 zur Temperatur kann überhaupt nie ein anderer sein, als
220 1028 1284 1081 dass ein und derselbe Ton in mehreren Bedeutungen soll
225 1077 1278 1123 angewendet werden können; wobei nicht nur die en¬
222 1131 1281 1179 harmonische Differenz, z. B. his—C, 125:128, sondern
227 1188 1282 1228 eben auch jene andere in Betracht kommt, die zwi¬
226 1243 1285 1283 schen der Durterz und der vierten Quint eines Grundtones
220 1291 371 1339 besteht.
308 1347 1282 1388 49. So finden wir die Terz e in der natürlichen Reihe
223 1395 1274 1450 (32) unter der Zahl 5; für E, als vierte Quint von C, wür¬
226 1452 1280 1500 den wir (34) die Zahl 81 erhalten, und wenn jenes e in die
228 1503 1288 1548 entsprechende Octav erhoben wird ($$MATH), so ergibt
224 1563 1283 1612 sich für dasselbe die Zahl 80, mithin eine von jener, für
229 1611 1284 1667 das E als Quint, differente. Es kommt aber weniger darauf
223 1667 1274 1715 an, wie gross oder klein diese Differenz sei, als darauf,
230 1715 1280 1763 dass eine Differenz überhaupt vorhanden ist und dass in
224 1772 1274 1826 der Zahl 81, als einer Potenz von 3, die Quintgeneration,
224 1827 1278 1866 in 80, einem Product der 5 mit der potenzirten 2, die Terz¬
226 1876 820 1932 generation sich zu erkennen gibt.
307 1931 1290 1977 50. Bei freier Intonation wird aber auch ein Grund, die
220 1988 1286 2032 Intervalle nicht in vollkommener Reinheit bestehen zu las¬
228 2043 1291 2084 sen, nie vorhanden sein, da innerhalb einer Tonart, im
225 2092 1287 2138 Umfange von drei verbundenen Dreiklängen, gleichnamige
