1444 2597
672 243 751 292 283
273 339 1236 379 Zu den zweizeitigen und doppel-zweizeiti¬
186 397 1231 444 gen Accenten der vorstehenden Darstellung bedarf es kei¬
185 444 1237 499 ner Anmerkungen; sie sind, nach dem früher Gesagten,
181 500 1157 538 in ihrer Bezeichnung durchaus von selbst verständlich.
270 547 1235 596 Die acht verschiedenen Betonungsarten des dreizei¬
187 604 1242 651 tigen Metrums sind in ihren vier ersten Nummern den
182 667 1230 708 doppel-zweizeitigen entnommen und erklären ihre Dispo¬
191 707 1228 755 sition in Bezug auf die höchste Betonung und den Tactan¬
180 764 474 820 fang aus diesen.
276 812 1233 860 Ueber die vier letzten Accentbestimmungen dieses Me¬
184 868 1241 915 trums, welche aus der Folge entgegengesetzter Paare in¬
185 923 1233 963 nerhalb der niederen Ordnung hervorgehen, ist früher aus¬
182 971 540 1027 führlich gesprochen.
273 1028 1233 1074 Die 32 Accentbestimmungen des vierzeitigen Me¬
189 1083 1233 1123 trums sind in vier Abtheilungen oder Gruppen zu fas¬
184 1140 1244 1180 sen, deren jede acht verschieden motivirte Betonungsarten
187 1187 323 1227 enthält.
276 1243 1238 1282 Wie in dem zweizeitigen Metrum nur eine metrische
190 1291 1241 1336 Ordnung enthalten ist, im doppel-zweizeitigen und drei¬
186 1352 1234 1395 zeitigen zwei Ordnungen, im vierzeitigen aber drei Ord¬
188 1399 1236 1444 nungen metrischer Paare combinirt sind, so haben wir die
194 1451 1239 1499 Gliederfolge in der ersten und im zweizeitigen Metrum
192 1510 1248 1563 alleinigen Ordnung mit A, B, in der zweiten Ordnung mit
193 1555 1072 1608 a, b, in der dritten Ordnung mit α, β, bezeichnet.
272 1611 1243 1656 Die Folge ist mit A, a und α, nach der bezüglichen
184 1660 1240 1701 Ordnung, als eine positive, mit B, b und β, als eine ne¬
184 1722 1251 1770 gative angezeigt. a-b, α-β, bezeichnet für die zweite oder
192 1772 1243 1813 dritte Ordnung die positiv-negative Folge; b-a, β-α, die
191 1819 591 1876 negativ-positive Folge.
270 1878 1244 1923 Die zweite aus acht verschieden bestimmten Betonungen
184 1931 1236 1979 bestehende Gruppe der vierzeitigen Accente (S. 280) kann,
194 1993 1231 2036 wie schon früher zu den hier wirkenden Formationsbedingun¬
189 2035 1247 2091 gen bemerkt wurde, nur die Betonungen des doppel-zwei¬
184 2091 1256 2138 zeitigen Metrums wiederholen; denn diese Form ermangelt
