1444 2597
645 265 697 310 75
138 357 1195 398 wesentlich melodisches Intervall wird dann nur die Se¬
140 412 1193 459 cund, auf- oder absteigend, gelten können, und zwar in der
140 468 1196 515 Folgebedeutung, wie wir sie bei der Tonleiter haben kennen
143 516 1201 563 lernen. Die Secund ist als Zusammenklang, wie als Folge
141 572 1197 619 ein direct unverständliches Intervall: durch die Verhältnisse
136 628 1195 682 8:9, 9:10 und 15:16 ist dem Gefühle keine Bestimmung
146 684 1201 732 gegeben, eine dieser Entfernungen zu intoniren, eben so
143 731 1190 787 wenig, als wir für manche zwischenliegende Verhältnisse,
147 780 1188 826 wie 6:7, 7:8, 10:11, 11:12, 12:13:14:15 die In¬
140 840 1198 883 tonation würden finden können. Es ist aber schon bei der
142 892 1192 931 Tonleiter zu ersehen gewesen, dass die Verhältnisse dieser
142 940 1205 988 äusseren Entfernungen bei der Secundbestimmung gar nicht
145 995 1197 1043 in Frage kommen, und dass diese Bestimmung ganz allein
136 1052 1203 1090 durch die sich umwandelnde Bedeutung eines dritten Tones
140 1092 316 1155 geschieht.
227 1156 1188 1192 108. Die Fortschreitung aus der ersten Stufe der Ton¬
146 1204 1190 1252 leiter in die zweite bestimmt sich an der Dominant, in¬
145 1259 1190 1307 dem diese aus der Quintbedeutung in die des Grundtones
149 1313 1197 1355 übergeht. Es würde nun, wenn man beide Stufen zugleich
146 1364 1197 1410 hören, oder die erste zu der eingetretenen zweiten noch
142 1419 1192 1459 fortklingen liesse, die harmonische Bedeutung dieses Secund¬
149 1468 1191 1522 intervalles an der Dominant sein: dass sie gleichzeitig
145 1523 1193 1571 Quint und Grundton sei. Das ist ein Widerspruch, wenn
144 1579 1194 1619 diese Doppelbedeutung als eine bestehende gesetzt werden
142 1634 1197 1675 soll; sie wird aber als eine vorübergehende in diesem
149 1683 1196 1723 Tone enthalten sein können, wenn er aus der einen in die
149 1739 1196 1787 andere übergegangen, die erste mit dem Uebergange selbst
148 1791 1204 1835 nicht sogleich, sondern erst später aufgibt. Es erfordert somit
149 1836 1196 1881 die Dissonanz eine ihr vorausgehende und eine nachfolgende
149 1892 1198 1935 Zeit zur Rechtfertigung ihres Daseins, nämlich eine vor¬
140 1955 1200 2002 ausgehende der Vorbereitung und eine nachfolgende der
145 1995 389 2050 Auflösung.
229 2052 1199 2096 109. Wenn in der hier gegebenen Erklärung der Dis¬
146 2107 1214 2147 sonanz diese noch nicht in der Bedeutung der Septime im
