1444 2597
670 217 759 268 347
188 316 1246 363 nicht ein wirklicher Spondeus, die zweite Länge nicht eine
187 363 577 411 metrische Länge sein.
274 420 1241 466 164. Es ist bekannt, dass in der dipodisch-trochäi¬
180 476 1250 514 schen Reihe die Kürze jedes zweiten Trochden mit einer
178 524 661 573 Länge überschrieben wird.
264 684 1243 748 Die jambische Reihe erhält diese Längenbezeichnung
175 740 1000 786 an der Kürze des ersten Fusses jeder Dipodie.
262 900 1245 946 Die trochäische Dipodie bildet für sich ein metrisches
184 954 1234 1003 Ganze; sie enthält ihr metrisch Erstes und Zweites und
178 1004 1231 1050 wird mit dem Zweiten, wenn dasselbe in abfallender
182 1059 1235 1107 Schwäche nachklingt, enden wollen. Soll eine andere Di¬
182 1125 1237 1164 podie aus der ersten hervorgehen, so darf die erste an
185 1164 1237 1211 ihrem Ende nicht die Schwäche des Abklingens empfinden
181 1222 1238 1267 lassen; sie muss vielmehr eben an dieser Stelle weiterbil¬
174 1276 1236 1315 dende Energie zeigen: die Kürze des zweiten Trochäen
178 1323 1233 1371 wird dazu eine reichlichere Fülle erhalten müssen, eine
182 1379 1231 1424 Ueberfüllung, durch welche sie gespannt und dem folgen¬
178 1432 1228 1474 den Momente enger angeschlossen wird; so dass die Dipo¬
181 1484 1235 1539 dieen, indem die Grenzen derselben sich aneinander drän¬
181 1547 1234 1595 gen, ineinander übergehen und ungetrennt zum Ganzen
174 1588 1236 1635 verbunden erscheinen. Die Stelle enthält eine prosodische
174 1643 1227 1690 Länge in metrischer Kürze, eine Sylbenfülle in engbe¬
175 1699 1234 1739 stimmtem aber dehnbarem Zeitraume. Wenn diese Stellen
168 1755 1237 1802 mit logisch abschliessendem, prosodisch geringem Inhalte
177 1803 1227 1852 versehen sind, so fehlt der Dipodieenreihe der verbindende,
173 1859 810 1900 die Fugen deckende Zusammenhalt.
262 1908 1226 1952 165. Derselbe Grund ist es aber auch, der dem rhyth¬
172 1970 1231 2019 mischen oder trochäischen Daktylus allezeit einen solchen
169 2011 1234 2059 Schein-Spondeen, einen Trochäen mit überfüllter Kürze
174 2068 1237 2108 vorangehen zu lassen fordert. In der Verbindung von Tro¬
