1444 2597
717 243 808 290 340
318 1171 1294 1227 156. Es steht aber in einer inneren Begriffsverwandt¬
228 1228 1294 1274 schaft die erste dieser rhythmischen Formen in positiver
233 1280 1301 1331 und negativer Bedeutung, wie mit der Octav, ebenso mit
232 1330 1286 1378 der metrisch-zweizeitigen; die zweite wie mit der Quint,
231 1379 1293 1433 mit der metrisch-dreizeitigen; die dritte wie mit der Terz,
230 1436 959 1488 mit der metrisch-vierzeitigen Gliederung.
325 1484 1297 1530 157. Die metrische Bestimmung erfordert an sich nur
238 1539 1291 1586 Gleichheit der Glieder in der Ganzheit ihrer Dauer. Die
229 1595 1291 1634 rhythmische vollendet sich innerhalb des Gliedes; sie kann
233 1643 1284 1690 in der metrischen Einheit verschieden sein an den einzel¬
232 1700 1291 1747 nen Gliedern derselben, und lässt sich demnach dipo¬
234 1747 1302 1795 disch combiniren auf $$MATH fache Weise, die wir
231 1804 1305 1856 hier nur in metrisch- und rhythmisch-positiver Bedeutung
240 1859 429 1906 aufführen:
