1444 2597
658 227 745 271 207
165 329 1224 368 ung bis zu dem Wiedereintritte der Haupttonart ist eine
161 385 1227 427 schematische Formbestimmung nicht zu geben; sie könnte
169 428 1225 474 nur in allgemein modulatorischer Gesetzlichkeit und in
168 483 1231 524 ästhetischen Bedingungen ausgesprochen sein, sowie in
170 532 1221 578 der negativen Bestimmung, dass völlig verwandtschaftslose
166 587 1227 634 Tonarten, die im Uebergange berührt werden können, zu
165 636 1070 683 einer tonischen Feststellung nicht gelangen dürfen.
255 691 1229 740 306. Die Mollsätze der früheren Zeit pflegen aus der
164 748 1226 790 tonischen in die Molltonart der Quint überzugehen, — eine
169 796 1222 843 Verwandtschaft, welche mehr in der Beschaffenheit der
171 852 1224 906 besonderen sogenannten „Kirchentonarten” begründet ist,
174 908 1233 953 als in der Natur unseres allgemeineren Tonsystemes, wie sie
165 971 1215 1011 auch von der polyphonischen Satzweise vorzüglich in An¬
171 1019 1231 1060 spruch genommen wird, in welcher ein durchzuführendes
169 1060 1233 1108 Thema der Molltonart wohl in andere Molltonarten, nicht
168 1123 1226 1163 aber in eine Durtonart zu versetzen ist, ohne selbst ein
167 1171 527 1219 anderes zu werden.
611 1283 772 1331 Schluss.
260 1377 1227 1427 307. Die Ueberschrift dieses Abschnittes kann auf
171 1435 1225 1484 einen Abschluss der Harmonielehre deuten lassen; dieser
170 1492 1224 1539 ist nicht damit gemeint. Nur einen Aufschluss zu erlangen,
173 1547 1225 1596 über das Naturgesetzliche der Harmonie, ist im Gange des
166 1595 1230 1643 Bisherigen Zweck und Ziel gewesen. Zum Abschlusse der
168 1644 1217 1689 Lehre gelangen wir nicht. Das Ende bleibt ein unerreich¬
177 1699 1223 1747 bares, wenn wir es nicht darin suchen, in Allem und Jedem
170 1756 915 1796 wieder auf den Anfang zurückzukommen.
256 1804 1227 1851 Wenn in dem Vorhergehenden die hauptsächlichen
169 1860 1227 1907 Erscheinungen harmonischer Combination, des Vorganges
166 1908 1224 1971 bei der Bildung und Umbildung in Zusammenklang und
173 1964 1224 2010 Folge und zusammenklingender Folge zur Sprache ge¬
172 2019 1225 2067 bracht sind, so würde doch unendlich Vieles noch zu be¬
167 2076 1223 2116 sprechen sich darbieten, was für die theoretische Erkennt¬
