1444 2597
666 261 739 307 209
174 356 1239 403 andere der in ihr verbunden enthaltenen Bestimmungen
177 411 1236 452 auf, und tritt in die einzelne zurück; ein entschieden Ge¬
178 459 1236 516 gensätzliches aber findet sie in keiner von beiden: dieses
181 517 1240 562 besteht nur darin, wenn das Eine als ein Anderes, was es
177 578 1241 611 vorher entschieden nicht war, auftritt. An der Terz
180 611 1242 668 kann darum eine Schluss-bewirkende Umdeutung nicht
172 676 1233 730 geschehen; sie muss an Grundton oder Quint erfolgen.
228 723 1232 778 — Es sind sonach zuerst Quint-verwandte Dreiklänge,
176 780 1136 828 die ineinander übergehend, Schluss bilden können:
256 995 1230 1036 309. Sodann werden aber auch völlig getrennte
173 1044 1228 1090 Dreiklänge sich zum Schlusse verbinden können, sofern
172 1107 1227 1154 sie die Vermittlung des zwischenliegenden Dreiklanges
182 1148 1231 1195 erhalten, mit dem der Ausgangsdreiklang in zwei Tönen
175 1205 1240 1248 verbunden ist. Dieser vermittelnde Dreiklang steht mit
174 1260 1230 1299 dem Dreiklange, in welchen die Folge führen soll, im
173 1308 1228 1356 Schlussverhältnisse der Quintverwandtschaft, und wie der
176 1363 1232 1419 Uebergang eben nur aus dem für den Ausgangsdreiklang
175 1419 1231 1467 gesetzten vermittelnden Dreiklange geschehen kann, so
177 1474 1233 1522 gewährt auch diese Folge den Schluss Quint-verwandter
177 1523 1232 1565 Dreiklänge. So wird die Schlussbedeutung bei der Folge
183 1571 1238 1627 G-h-D...a-C-F, welche direct in der Folge h-D|F...a-C-F
179 1627 1223 1674 besteht, sein, dass die Quint F des ersten Dreiklanges,
175 1678 1235 1722 h-D|F, im zweiten, a-C-F, Grundtonsbedeutung erhält. In
176 1731 1227 1779 der Folge F-a-C...D-G-h, welche direct die Folge D|F-a...
179 1780 1229 1828 D-G-h ist, wird die Schlussbedeutung sein, dass der
178 1836 1230 1883 Grundton D des Accordes D|F-a im zweiten, D-G-h, Quint¬
173 1891 488 1948 bedeutung erhält.
321 1939 1236 1988 — Ueber die relative Dreiklangsgültigkeit, welche die
172 1996 1243 2041 Grenzverbindungsaccorde für ihre Tonart haben, ist schon
171 2052 762 2099 früher (145) gesprochen worden. —
255 2099 1240 2146 In den Folgen Quint-verwandter Dreiklänge erfolgt diese
