1444 2597
537 750 882 811 VORWORT.
250 1028 1243 1074 Was der Mensch zu lernen hat, um sich zum
181 1113 1233 1170 praktischen Musiker auszubilden, ist in vielen Werken
176 1194 1239 1242 gründlich abgehandelt. Weniger ist untersucht wor¬
183 1260 1238 1324 den, wie das musikalisch-Gesetzliche im Menschen
175 1333 1233 1395 begründet ist; wie der musikalisch richtige Ausdruck
177 1411 1241 1458 eben nur ein menschlich natürlicher, ein vernünftiger
180 1498 1238 1540 und darum ein allgemein verständlicher ist. Viele haben
182 1570 1236 1618 an solchen Untersuchungen allerdings auch weniger
178 1636 1234 1683 Interesse zu nehmen, als an der technisch bildenden
180 1707 1230 1762 Unterweisung und an ästhetischer Betrachtung. Der
176 1787 1227 1834 angehende Musiker ist mit praktischen Studien, der aus¬
183 1860 1235 1923 gebildete in seinem Berufe mit praktischer Ausübung
180 1947 1238 1987 vollauf beschäftigt. Sie finden selten Zeit und haben
174 2011 1242 2076 wenig Anregung über Das nachzudenken, was ihnen
