1444 2597
682 242 759 291 246
272 339 1240 387 In der ersten dreizeitigen Einheit ist aber das erste
184 389 1236 434 der darin verbundenen Paare accentuirt, das zweite accent¬
189 444 1254 494 los; in der zweiten, welche accentlos beginnt, ist das
189 499 509 547 zweite accentuirt:
185 790 1253 835 und es erhält nach dieser Bestimmung das dritte, wie das
187 835 1251 883 erste der ineinanderliegenden Paare, den Accent dieser
189 891 369 946 Ordnung:
273 1139 1251 1187 Diesem Accente wird sich aber auf dem ersten Paare
194 1196 1248 1244 der Accent der ersten dreizeitigen Einheit verbinden und
188 1243 1243 1299 ihn damit vor dem zweiten gleicher Ordnung hervorheben;
184 1300 1244 1345 so dass das erste Paar hier wie in der doppel-zweizei¬
190 1354 1250 1396 tigen Formation, als das accentuirte erscheint, unbeschadet
185 1411 1250 1451 der primären Geltung, welche auch die zweite Hälfte des
194 1459 1243 1507 Ganzen als accentuirtes Paar in der zweiten dreizeitigen
185 1507 556 1555 Einheit erhalten hat.
280 1563 1242 1610 43. Wenn wir nun diese im vierzeitigen Metrum com¬
182 1620 1250 1660 binirten Bestimmungen des Dreifach-zweizeitigen und des
182 1668 1242 1714 Zweifach-dreizeitigen zusammenfassen, so wird das erste
193 1723 1245 1772 Glied ausser dem Gliedaccente, der ihm, wie in gleichem
182 1780 1245 1827 Maasse dem zweiten und dritten, zukommt, noch den
189 1828 1244 1874 Accent des zweizeitig- und den des dreizeitig-ersten
189 1882 1248 1931 Gliedes erhalten. Das zweite Glied hat allein den Accent
191 1932 1243 1987 als erstes im zweiten accentlosen Paare. Das dritte Glied
188 1994 1251 2036 erhält ausser dem Accente im Paare noch den des Paares
184 2043 1252 2083 selbst, als eines accentuirten. Das vierte wird, da es für
180 2092 1243 2138 keine Bestimmung mehr als erstes stehen kann, accentlos
