1444 2597
717 245 749 291 6
205 332 1263 379 hervorgehen und sich entwickelnd gestalten zu den uns
210 387 1261 436 bekannten, uns wieder innerlich ansprechenden Erschei¬
198 451 350 499 nungen.
292 492 1268 539 Dieses Gestaltungsprincip wird aber in jedem Momente
200 550 1253 595 seines Wirkens an sich nur immer dasselbe sein und blei¬
207 596 1260 644 ben können. In den weitesten Verhältnissen des ausgebrei¬
206 659 1268 706 teten Tonwerkes, sofern dieses ein einiges Ganze ist, wie
209 700 1268 747 in der engsten Einzelheit, im kleinsten Glied desselben, in
209 755 1262 802 allen Momenten seines harmonisch-melodischen, wie auch
205 812 1262 858 seines metrisch-rhythmischen Daseins wird immer nur
205 859 1260 908 das eine Gesetz für die richtige, die verständliche Bil¬
202 915 1268 960 dung nachzuweisen sein; das eben auch wieder nicht
211 965 1265 1012 ein ausschliesslich musikalisches wird sein können, son¬
204 1019 1258 1067 dern vielmehr nur das ganz allgemeine, das überall wir¬
207 1076 1272 1115 kende Bildungsgesetz in seiner zu musikalischer, d. h. zu
205 1125 1255 1171 harmonisch-melodischer, metrisch-rhythmischer Erschei¬
211 1180 783 1228 nung gelangenden Wirksamkeit.
292 1228 1257 1276 Die Musik ist in ihrem Ausdruck allgemein verständlich.
209 1284 1255 1331 Sie ist es nicht für den Musiker allein, sie ist es für den mensch¬
212 1339 1265 1380 lichen Gemeinsinn. Auch ist die Musik nicht von grundver¬
213 1387 1265 1436 schiedener Beschaffenheit im Volkslied und in der Bach'schen
214 1443 1272 1498 Fuge, oder Beethovenschen Symphonie. Wenn der Inhalt
211 1496 1260 1540 des complicirteren Kunstwerkes sein Verständniss erschwe¬
207 1547 1273 1596 ren kann, so sind es doch immer dieselben im Einzelnen
207 1604 1265 1644 allgemein verständlichen Ausdrucksmittel, durch welche
212 1652 1265 1698 das grösste, wie das kleinste Musikstück zu uns spricht, in
213 1716 1270 1756 einer Sprache sich uns mittheilt, zu der wir die Worte und die
214 1759 1267 1803 Grammatik nicht erst zu lernen nöthig haben. Der Drei¬
203 1811 1258 1860 klang ist für den Ungebildeten, wie für den Gebildeten con¬
204 1868 1273 1913 sonant; die Dissonanz bedarf für den Nichtmusiker wie für
204 1917 1274 1960 den Musiker einer Auflösung; die Discordanz ist für jedes
205 1972 587 2018 Ohr etwas Sinnloses.
290 2027 1271 2068 In keiner andern Art der Wahrnehmung wird auch wie
205 2076 1268 2123 in der akustischen das Elementare des Ausdruckes mit so
