1444 2597
670 243 758 290 233
265 339 1238 378 Ebenso würde das Siebentheilige nur als Zusam¬
174 397 1243 442 mensetzung von Drei- und Viertheiligem, oder von
172 444 1250 488 Zwei-, Drei- und Zweitheiligem metrisch-verständlich
181 492 1084 538 werden können, als 4 + 3, 3 + 4 und 2 + 3 + 2.
265 979 1236 1026 Auf keine Weise werden aber solche Formationen
176 1035 1241 1075 sich, wie die zwei-, drei- und viertheilige, zu metrischer
179 1083 1238 1131 Einheit gestalten können; sie werden, wie sie nicht aus
175 1148 1230 1196 organischer Bestimmung entstanden sind, auch immer nur
177 1188 1235 1236 als zusammengesetzte erscheinen. Es folgt hier dem Einen
182 1243 1229 1300 nicht ein Anderes gleicher Qualität, d. h. ein Zweites,
172 1310 1221 1347 als das Erste in seinem Gegensatze; sondern eben ein an¬
172 1362 1230 1411 deres Erste, eine neue Bestimmung, die nur wieder einen
177 1410 1230 1459 Anfang, nicht aber eine Folge zu dem Vorhergegangenen
171 1460 402 1508 bilden kann.
261 1507 1235 1555 In der Accordverbindung schliesst die unmittelbare
175 1564 1230 1611 Aufeinanderfolge zweier Quinten sich von selbst aus. Es
183 1619 1229 1683 würde in einer rationalen Harmonielehre keines besonde¬
177 1682 1235 1723 ren Verbotes für diese Fortschreitung bedürfen, denn sie
175 1724 1222 1771 kann eben unter verbundenen Dreiklängen nicht vorkom¬
176 1788 1225 1826 men; sie bezeichnet vielmehr das unvermittelte Neben¬
179 1834 1230 1884 einanderstehen zweier Dreiklänge in primärer Lage, zweier
168 1884 1226 1939 nebeneinanderstehender Anfänge; und eben dieser Mangel
172 1939 1233 1987 an Verbindung ist es, was in der Quintparallele sich an¬
174 1995 1231 2036 stössig erweisen muss. Ebenso wird aber auch eine me¬
168 2044 1229 2091 trische Formation, die zwei- und dreigliedrige Einheiten
172 2100 1229 2147 abwechselnd nacheinander setzt, den wiederholten An¬
