1444 2597
694 243 771 284 144
200 333 1265 387 Dreiklangsversetzung sich nur als eine durch die Folge be¬
196 396 1272 435 dingte einführen kann, indem die Quint eine der Basis des
202 437 1234 483 Accordes entgegengesetzte Bedeutung hat und fühlen lässt.
287 492 1268 539 215. Diese Lage der Septimenharmonie wird aber
209 548 1264 589 auch ausser jener Verbindung oder Herleitung eintreten
202 596 1261 642 können bei den Septimenaccorden, die an dem Zusam¬
205 659 1259 699 menklange der Grenzen des Tonartsystemes Theil haben:
200 700 1260 746 beim Dominantseptimenaccorde und bei den Septimenac¬
210 757 1254 812 corden der Oberdominantterz und Oberdominantquint;
215 811 1264 851 beim letzteren, wegen der Zweideutigkeit, welcher derselbe
214 860 1264 907 in der Durtonart unterliegt, entschiedener nur in der Moll¬
212 916 1268 963 tonart. Somit werden die Septimenaccorde des verwen¬
204 963 1267 1011 deten Systemes: G-h-D|F, h-D|F-a, h-D|F-as, D|F-as-c, in
212 1020 1269 1067 der Versetzung D-F-G-h, F-h-D-a, F-as-h-D, as-C-D-F, ohne
209 1068 1265 1115 Bindung der als Bass gesetzten Quint, die anderen aus dem
203 1124 1261 1178 unverwendeten Systeme: F-a-C-e, a-C-e-G, C-e-G-h,
208 1179 1263 1235 e-G-h-D und F-as-C-es, as-C-es-G, C-es-G-h, es-G-h-D (so¬
209 1228 1273 1276 fern die letzteren zwei überhaupt als Septimenharmonie sich
204 1286 1274 1339 einführen sollten), in dieser Terz-quart-sextlage nur mit
204 1332 952 1393 gebundenem Basstone erscheinen können.
301 1386 1269 1436 216. Wenn wir aber fragen, aus welchem Grunde
215 1444 1266 1499 jene dem verwendeten Systeme eigenthümlich angehö¬
214 1503 1273 1547 rigen Septimenaccorde eine Versetzung zulassen, welche
211 1547 1254 1600 für die Septimenaccorde des unverwendeten Systemes,
210 1603 1267 1659 wo sie nicht durch bedingte Folge entstanden ist, ungehörig
215 1652 1267 1706 erscheint, so ist er eben in dem Begriffe jener Verwendung
219 1708 1255 1762 $$GRAPHIC selbst zu suchen. Indem hier das ent¬
206 1770 1271 1812 schieden Getrennte verbunden als Mitte, die Einheits-
203 1811 1275 1858 Mitte getrennt als Grenze auseinandergesetzt ist, das ganze
213 1868 1266 1916 verwendete System in Allem, was sich auf seine Mitte bezieht,
213 1915 1272 1963 oder Theil an ihr nimmt, System der Dissonanz ist, so
212 1971 1271 2011 wird in dieser Zweiheitsnatur des Ganzen der Zusammen¬
210 2020 1273 2067 klang D|F die Einheitsbedeutung haben und behaupten
202 2076 1267 2129 müssen, so dass die Septimenaccorde G-h-D|F, h-D|F-a,
