1444 2597
642 210 722 252 171
156 300 1215 347 dem Verhältnisse 15:16 zukommt. Es ist dies ein Bestre¬
146 356 1205 403 ben, den Ton in seiner Intervallbedeutung zu characte¬
145 413 1208 451 risiren, die Intonation zu beleben, zu beseelen. Auch
155 459 1205 507 die nicht temperirte, die mathematisch reine Intona¬
149 516 1212 562 tion, würde immer noch eine musikalisch unbelebte sein
154 564 1207 618 und für den Ausdruck ungenügend bleiben, wie eine streng
148 620 1209 667 in metronomischem Tacte sich bewegende Rhythmik. Eben
154 676 1204 716 wie hier dem lebendigen Vortrage der Tactschlag des Me¬
153 722 1211 779 tronoms bald zu zögern bald zu eilen scheinen wird, weil
149 781 1200 835 er in seiner mechanischen Strenge der belebten rhythmi¬
154 841 1213 876 schen Nuancirung nicht entsprechen kann, so will sich auch
155 883 1209 931 die Intonation characteristischer Klangstufen nicht an die
156 931 1213 995 mathematisch bestimmte Tonhöhe binden lassen, und wird
156 988 1207 1034 oft, auf- oder abwärts drängend, von ihr abweichen kön¬
154 1043 1214 1092 nen und abweichen müssen, wenn die Intonation nicht
150 1100 1200 1139 selbst eine nur mechanisch bestimmte, characterlose blei¬
157 1147 1207 1195 ben soll, wie sie es bei den festen Stufen der Clavierin¬
149 1203 1207 1252 strumente ist. Diese Alteration der mathematischen Reinheit
149 1259 1211 1299 kann aber immer nur das Terzintervall betreffen, das
146 1307 1207 1356 Intervall, was allein ein veränderliches ist: nicht in dem
149 1363 1199 1418 Sinne, dass es sich vergrössern und verkleinern könnte,
157 1419 1212 1459 aber in dem, dass es durch chromatische Verrückung aus
149 1474 1213 1523 seinem Verhältnisse zu dem Grundtone in das zu der Quint
152 1523 1213 1563 übertreten kann, wodurch eben der Durdreiklang sich in
155 1572 771 1619 den Molldreiklang umwandelt z. B.
154 1729 1212 1780 Dieser Uebergang sowohl, wie der Unterschied der einen
157 1787 1194 1834 und anderen Bestimmung überhaupt, wo er eine charac¬
148 1847 1212 1891 teristische Bedeutung erhält, will sich durch gesteigerten
156 1891 1207 1938 Ausdruck gern hervorheben, und dies geschieht in der
153 1940 1211 1987 erhöheten Intonation der Durterz, in der vertieften der Moll¬
146 1995 1216 2041 terz. Diese Terzbedeutung aber ist es allemal, die zu einer
146 2051 1210 2100 Alteration der mathematisch reinen Intonation allein Anlass
