<?xml version="1.0" encoding="UTF-8" standalone="yes"?>
<PcGts xmlns="http://schema.primaresearch.org/PAGE/gts/pagecontent/2013-07-15" xmlns:xsi="http://www.w3.org/2001/XMLSchema-instance" xsi:schemaLocation="http://schema.primaresearch.org/PAGE/gts/pagecontent/2013-07-15 http://schema.primaresearch.org/PAGE/gts/pagecontent/2013-07-15/pagecontent.xsd">
    <Metadata>
        <Creator>prov=University of Rostock/Institute of Mathematics/CITlab|PLANET AI GmbH/Gundram Leifert/gundram.leifert@planet-ai.de:name=ONB_Newseye_GT_M1+(htr_id=10810)::::v=2.6.7
prov=University of Rostock/Institute of Mathematics/CITlab|PLANET AI GmbH/Tobias Gruening/tobias.gruening@planet-ai.de:name=de.uros.citlab.module.baseline2polygon.B2PSeamMultiOriented:v=2.6.7
prov=University of Rostock/Institute of Mathematics/CITlab|PLANET AI GmbH/Tobias Gruening/tobias.gruening@planet-ai.de:name=/net_tf/LA73_249_0mod360.pb:de.uros.citlab.segmentation.CITlab_LA_ML:v=2.6.6
Transkribus</Creator>
        <Created>2021-02-02T15:22:37.731+01:00</Created>
        <LastChange>2021-09-02T15:46:02.159+02:00</LastChange>
        <TranskribusMetadata docId="764523" pageId="28719083" pageNr="202" tsid="64002013" status="DONE" userId="74363" imgUrl="https://files.transkribus.eu/Get?id=APISKYAYQFBKCVHAAXRBJNZJ&amp;fileType=view" xmlUrl="https://files.transkribus.eu/Get?id=XYZXCNRBHFMTRBUWGNYMVYWJ" imageId="22439588"/>
    </Metadata>
    <Page imageFilename="Hauptmann1853-0211.jpg" imageWidth="1444" imageHeight="2597" type="content">
        <ReadingOrder>
            <OrderedGroup id="ro_1630595915126" caption="Regions reading order">
                <RegionRefIndexed index="0" regionRef="TextRegion_1612639654367_5188"/>
                <RegionRefIndexed index="1" regionRef="TextRegion_1612639662718_5193"/>
                <RegionRefIndexed index="3" regionRef="TextRegion_1612639675451_5205"/>
                <RegionRefIndexed index="5" regionRef="TextRegion_1612639741928_5236"/>
                <RegionRefIndexed index="6" regionRef="TextRegion_1612639741928_5235"/>
                <RegionRefIndexed index="7" regionRef="TextRegion_1612639739020_5231"/>
            </OrderedGroup>
        </ReadingOrder>
        <TextRegion orientation="0.0" type="page-number" id="TextRegion_1612639654367_5188" custom="readingOrder {index:0;} structure {type:page-number;}">
            <Coords points="203,286 1265,286 1265,340 203,340"/>
            <TextLine id="r1l1" custom="readingOrder {index:0;}">
                <Coords points="687,313 695,314 704,323 724,320 767,323 776,316 790,316 791,296 784,296 770,281 758,277 739,280 726,276 719,282 687,287"/>
                <Baseline points="693,312 723,314 753,315 783,314"/>
                <TextEquiv>
                    <Unicode>192</Unicode>
                </TextEquiv>
            </TextLine>
            <TextEquiv>
                <Unicode>192</Unicode>
            </TextEquiv>
        </TextRegion>
        <TextRegion orientation="0.0" id="TextRegion_1612639662718_5193" custom="readingOrder {index:1;} structure {type:paragraph-continued;}">
            <Coords points="203,340 1265,340 1265,475 203,475"/>
            <TextLine id="r1l2" custom="readingOrder {index:0;} textStyle {offset:25; length:8;fontSize:0.0; kerning:0; letterSpaced:true;} m_note {offset:25; length:8;}">
                <Coords points="200,419 1254,411 1271,375 200,383"/>
                <Baseline points="207,409 259,408 312,408 365,408 418,408 471,407 524,407 577,407 630,407 683,406 736,406 788,406 841,406 894,406 947,406 1000,406 1053,406 1106,406 1159,406 1212,406 1265,406"/>
                <TextEquiv>
                    <Unicode>zu erhöhen sein, als der Grundton, und somit der</Unicode>
                </TextEquiv>
            </TextLine>
            <TextLine id="r1l3" custom="readingOrder {index:1;} concept_mus {offset:0; length:9;}">
                <Coords points="204,474 290,466 311,483 327,483 351,466 378,483 391,483 417,463 417,438 203,429"/>
                <Baseline points="210,460 235,461 260,461 285,460 310,460 335,459 360,459 385,460 410,462"/>
                <TextEquiv>
                    <Unicode>Uebergang:</Unicode>
                </TextEquiv>
            </TextLine>
            <TextEquiv>
                <Unicode>zu erhöhen sein, als der Grundton, und somit der
Uebergang:</Unicode>
            </TextEquiv>
        </TextRegion>
        <GraphicRegion id="Graphic_1612639692294_5212" custom="readingOrder {index:2;} structure {type:floating;}">
            <Coords points="203,475 1265,475 1265,564 203,564"/>
        </GraphicRegion>
        <TextRegion orientation="0.0" id="TextRegion_1612639675451_5205" custom="readingOrder {index:3;} structure {type:paragraph-continued;}">
            <Coords points="203,564 1265,564 1265,629 203,629"/>
            <TextLine id="r1l5" custom="readingOrder {index:0;} concept_mus {offset:32; length:9;}">
                <Coords points="197,625 941,635 969,586 639,580 607,602 537,580 223,580 197,600"/>
                <Baseline points="204,617 243,616 283,615 323,615 363,614 403,614 443,614 483,614 523,614 563,615 603,615 643,615 683,615 723,616 763,616 803,615 843,615 883,615 923,614 963,613"/>
                <TextEquiv>
                    <Unicode>sich williger erweisen, als der Uebergang:</Unicode>
                </TextEquiv>
            </TextLine>
            <TextEquiv>
                <Unicode>sich williger erweisen, als der Uebergang:</Unicode>
            </TextEquiv>
        </TextRegion>
        <GraphicRegion id="Graphic_1612639714714_5220" custom="readingOrder {index:4;} structure {type:floating;}">
            <Coords points="203,629 1265,629 1265,731 203,731"/>
        </GraphicRegion>
        <TextRegion orientation="0.0" type="paragraph" id="TextRegion_1612639741928_5236" custom="readingOrder {index:5;}">
            <Coords points="203,731 1265,731 1265,1560 203,1560"/>
            <TextLine id="r1l7" custom="readingOrder {index:0;}">
                <Coords points="206,780 1256,779 1267,736 206,739"/>
                <Baseline points="213,771 265,771 317,771 370,771 422,771 475,771 527,771 579,771 632,771 684,771 737,770 789,770 841,770 894,770 946,770 999,769 1051,769 1103,769 1156,769 1208,769 1261,769"/>
                <TextEquiv>
                    <Unicode>Auch kann man bemerken, dass in diesem letzteren der</Unicode>
                </TextEquiv>
            </TextLine>
            <TextLine id="r1l8" custom="readingOrder {index:1;} m_note {offset:0; length:3;} textStyle {offset:4; length:1;italic:true; fontSize:0.0; kerning:0;} m_note {offset:4; length:1;} textStyle {offset:24; length:1;italic:true; fontSize:0.0; kerning:0;} m_note {offset:24; length:1;} textStyle {offset:48; length:1;italic:true; fontSize:0.0; kerning:0;} m_note {offset:48; length:1;}">
                <Coords points="209,836 1224,835 1257,796 208,788"/>
                <Baseline points="215,823 266,823 318,823 370,822 422,822 474,822 525,822 577,822 629,822 681,822 733,822 784,822 836,822 888,822 940,822 992,821 1043,821 1095,821 1147,821 1199,821 1251,821"/>
                <TextEquiv>
                    <Unicode>Ton E, welcher hier dem e gleichbleiben und mit G das</Unicode>
                </TextEquiv>
            </TextLine>
            <TextLine id="r1l9" custom="readingOrder {index:2;} m_interval {offset:0; length:9;} concept_mus {offset:44; length:11;}">
                <Coords points="200,882 1253,884 1261,841 200,843"/>
                <Baseline points="207,873 259,873 311,873 364,873 416,873 468,873 521,873 573,873 625,873 678,873 730,874 782,874 835,874 887,874 939,874 992,874 1044,874 1096,874 1149,873 1201,873 1254,872"/>
                <TextEquiv>
                    <Unicode>Intervall 5:6 beibehalten müsste, durch das chromatisch</Unicode>
                </TextEquiv>
            </TextLine>
            <TextLine id="r1l10" custom="readingOrder {index:3;} textStyle {offset:13; length:3;italic:true; fontSize:0.0; kerning:0;} m_note {offset:13; length:3;} textStyle {offset:55; length:1;italic:true; fontSize:0.0; kerning:0;} m_note {offset:55; length:1;}">
                <Coords points="207,939 927,946 1257,931 1257,892 207,900"/>
                <Baseline points="214,926 265,925 317,925 369,925 421,924 473,924 524,924 576,925 628,925 680,925 732,925 783,925 835,926 887,926 939,926 991,926 1042,926 1094,926 1146,926 1198,925 1250,925"/>
                <TextEquiv>
                    <Unicode>aufsteigende cis sich etwas zu erhöhen, nämlich in das E</Unicode>
                </TextEquiv>
            </TextLine>
            <TextLine id="r1l11" custom="readingOrder {index:4;} concept_mus {offset:4; length:10;} textStyle {offset:15; length:9;italic:true; fontSize:0.0; kerning:0;} m_note {offset:15; length:1;} m_note {offset:17; length:1;} m_note {offset:19; length:1;} m_note {offset:21; length:1;} m_note {offset:23; length:1;} m_chord {offset:33; length:12; continued:true;}">
                <Coords points="211,986 1255,978 1255,953 1101,940 840,965 211,944"/>
                <Baseline points="218,978 269,977 321,977 372,976 424,976 475,976 527,976 578,976 630,976 681,976 733,976 784,976 836,977 887,977 939,977 990,977 1042,977 1093,977 1145,976 1196,976 1248,975"/>
                <TextEquiv>
                    <Unicode>der Quintreihe C—G—D—A—E, das im Dominantsep¬</Unicode>
                </TextEquiv>
            </TextLine>
            <TextLine id="r1l12" custom="readingOrder {index:5;} m_chord {offset:0; length:12; continued:true;} textStyle {offset:13; length:9;italic:true; fontSize:0.0; kerning:0;} m_chord {offset:13; length:9;} textStyle {offset:27; length:1;italic:true; fontSize:0.0; kerning:0;} m_note {offset:27; length:1;} m_interval {offset:33; length:9;}">
                <Coords points="209,1042 1259,1027 1239,995 209,1002"/>
                <Baseline points="215,1029 266,1029 318,1028 370,1028 422,1028 474,1028 526,1028 577,1029 629,1029 681,1029 733,1029 785,1030 837,1030 889,1030 940,1030 992,1029 1044,1029 1096,1028 1148,1028 1200,1027 1252,1025"/>
                <TextEquiv>
                    <Unicode>timenaccorde A-cis-E|G mit G das Intervall 27:32 bil¬</Unicode>
                </TextEquiv>
            </TextLine>
            <TextLine id="r1l13" custom="readingOrder {index:6;} m_chord {offset:43; length:10;}">
                <Coords points="204,1091 1265,1091 1265,1054 1184,1043 616,1043 556,1071 204,1047"/>
                <Baseline points="211,1081 263,1081 315,1081 368,1081 420,1081 472,1081 525,1081 577,1081 629,1081 682,1081 734,1082 786,1082 839,1082 891,1082 943,1082 996,1082 1048,1081 1100,1081 1153,1081 1205,1080 1258,1080"/>
                <TextEquiv>
                    <Unicode>det, einzustimmen gedrängt wird. Da in dem Dreiklange</Unicode>
                </TextEquiv>
            </TextLine>
            <TextLine id="r1l14" custom="readingOrder {index:7;} textStyle {offset:0; length:5;italic:true; fontSize:0.0; kerning:0;} m_chord {offset:0; length:5;}">
                <Coords points="204,1139 1256,1139 1256,1107 1188,1099 1128,1124 1070,1099 1026,1123 205,1103"/>
                <Baseline points="211,1130 262,1131 314,1132 366,1132 418,1133 470,1133 522,1134 574,1134 626,1134 678,1134 730,1134 781,1134 833,1134 885,1134 937,1133 989,1133 1041,1133 1093,1133 1145,1133 1197,1133 1249,1132"/>
                <TextEquiv>
                    <Unicode>C-e-G an sich hier die Bestimmung nicht liegt, ihn, wie es</Unicode>
                </TextEquiv>
            </TextLine>
            <TextLine id="r1l15" custom="readingOrder {index:8;} concept_mus {offset:4; length:10;} m_tonality {offset:24; length:12;}">
                <Coords points="209,1195 1182,1202 1260,1194 1260,1157 209,1164"/>
                <Baseline points="215,1186 269,1185 324,1185 379,1185 433,1185 488,1185 543,1185 597,1185 652,1185 707,1185 761,1185 816,1185 871,1185 925,1186 980,1186 1035,1186 1089,1186 1144,1186 1199,1185 1254,1185"/>
                <TextEquiv>
                    <Unicode>zum Uebergange nach der D-Molltonart erforderlich ist, als</Unicode>
                </TextEquiv>
            </TextLine>
            <TextLine id="r1l16" custom="readingOrder {index:9;} m_chord {offset:0; length:18;} m_tonality {offset:23; length:11;}">
                <Coords points="204,1248 1095,1259 1265,1243 1265,1205 204,1207"/>
                <Baseline points="211,1237 263,1236 315,1236 368,1236 420,1236 472,1236 525,1236 577,1236 629,1237 682,1237 734,1237 786,1237 839,1237 891,1237 943,1237 996,1237 1048,1237 1100,1237 1153,1236 1205,1236 1258,1235"/>
                <TextEquiv>
                    <Unicode>Oberdominantaccord der F-Durtonart zu denken, so wird</Unicode>
                </TextEquiv>
            </TextLine>
            <TextLine id="r1l17" custom="readingOrder {index:10;} concept_mus {offset:4; length:12;} concept_mus {offset:17; length:14;} textStyle {offset:32; length:5;italic:true; fontSize:0.0; kerning:0;} m_interval {offset:32; length:5;}">
                <Coords points="206,1298 1260,1298 1260,1258 206,1259"/>
                <Baseline points="212,1289 264,1289 316,1288 368,1288 420,1288 472,1288 524,1288 576,1288 628,1288 680,1288 732,1289 784,1289 836,1289 888,1289 940,1289 992,1289 1044,1289 1096,1289 1148,1289 1200,1289 1253,1288"/>
                <TextEquiv>
                    <Unicode>die chromatische Fortschreitung C—cis sich nur auf das im</Unicode>
                </TextEquiv>
            </TextLine>
            <TextLine id="r1l18" custom="readingOrder {index:11;} concept_mus {offset:0; length:7;} m_tonality {offset:12; length:11;} textStyle {offset:35; length:1;italic:true; fontSize:0.0; kerning:0;} m_note {offset:35; length:1;}">
                <Coords points="212,1352 1257,1363 1257,1318 1205,1308 212,1307"/>
                <Baseline points="219,1338 270,1338 322,1339 373,1339 425,1339 476,1340 528,1340 579,1340 631,1340 682,1340 734,1340 786,1341 837,1341 889,1341 940,1341 992,1341 1043,1341 1095,1341 1146,1341 1198,1342 1250,1342"/>
                <TextEquiv>
                    <Unicode>Systeme der C-Durtonart enthaltene D beziehen wollen,</Unicode>
                </TextEquiv>
            </TextLine>
            <TextLine id="r1l19" custom="readingOrder {index:12;} m_interval {offset:10; length:4;} concept_mus {offset:26; length:10;} m_chord {offset:47; length:6; continued:true;}">
                <Coords points="204,1400 1229,1403 1254,1371 204,1372"/>
                <Baseline points="211,1391 262,1391 314,1391 366,1391 418,1391 470,1392 521,1392 573,1392 625,1392 677,1393 729,1393 780,1393 832,1394 884,1394 936,1394 988,1394 1039,1394 1091,1394 1143,1393 1195,1393 1247,1392"/>
                <TextEquiv>
                    <Unicode>womit die Terz des in der Quintreihe stehenden A-Dur¬</Unicode>
                </TextEquiv>
            </TextLine>
            <TextLine id="r1l20" custom="readingOrder {index:13;} m_chord {offset:0; length:11; continued:true;} m_tonality {offset:47; length:6;}">
                <Coords points="214,1458 1259,1459 1259,1413 214,1412"/>
                <Baseline points="220,1443 271,1443 323,1443 374,1443 426,1443 478,1443 529,1444 581,1444 632,1444 684,1445 736,1445 787,1445 839,1446 890,1446 942,1446 994,1446 1045,1446 1097,1446 1148,1446 1200,1445 1252,1445"/>
                <TextEquiv>
                    <Unicode>dreiklanges ergriffen wird, die für das in der Tonart</Unicode>
                </TextEquiv>
            </TextLine>
            <TextLine id="r1l21" custom="readingOrder {index:14;} textStyle {offset:9; length:1;italic:true; fontSize:0.0; kerning:0;} m_note {offset:9; length:1;} textStyle {offset:15; length:1;italic:true; fontSize:0.0; kerning:0;} m_note {offset:15; length:1;} concept_mus {offset:47; length:9;} concept_phy {offset:47; length:9;}">
                <Coords points="210,1514 1261,1506 1261,1475 1030,1460 210,1475"/>
                <Baseline points="217,1496 268,1496 320,1496 372,1496 424,1496 476,1496 528,1497 579,1497 631,1497 683,1497 735,1497 787,1497 839,1498 891,1498 942,1498 994,1498 1046,1498 1098,1498 1150,1498 1202,1498 1254,1498"/>
                <TextEquiv>
                    <Unicode>gegebene a und e zu hoch, diese selbst, um die Consonanz</Unicode>
                </TextEquiv>
            </TextLine>
            <TextLine id="r1l22" custom="readingOrder {index:15;} textStyle {offset:3; length:7;italic:true; fontSize:0.0; kerning:0;} m_chord {offset:3; length:7;}">
                <Coords points="202,1555 290,1571 347,1551 618,1571 894,1555 880,1524 724,1515 626,1539 566,1516 203,1516"/>
                <Baseline points="209,1548 244,1548 280,1548 316,1547 351,1547 387,1547 423,1547 459,1548 494,1548 530,1548 566,1549 602,1549 637,1549 673,1549 709,1550 745,1550 780,1550 816,1550 852,1550 888,1549"/>
                <TextEquiv>
                    <Unicode>in A-cis-E herzustellen, erhöhen muss.</Unicode>
                </TextEquiv>
            </TextLine>
            <TextEquiv>
                <Unicode>Auch kann man bemerken, dass in diesem letzteren der&#13;
Ton E, welcher hier dem e gleichbleiben und mit G das&#13;
Intervall 5:6 beibehalten müsste, durch das chromatisch&#13;
aufsteigende cis sich etwas zu erhöhen, nämlich in das E&#13;
der Quintreihe C—G—D—A—E, das im Dominantsep¬&#13;
timenaccorde A-cis-E|G mit G das Intervall 27:32 bil¬&#13;
det, einzustimmen gedrängt wird. Da in dem Dreiklange&#13;
C-e-G an sich hier die Bestimmung nicht liegt, ihn, wie es&#13;
zum Uebergange nach der D-Molltonart erforderlich ist, als&#13;
Oberdominantaccord der F-Durtonart zu denken, so wird&#13;
die chromatische Fortschreitung C—cis sich nur auf das im&#13;
Systeme der C-Durtonart enthaltene D beziehen wollen,&#13;
womit die Terz des in der Quintreihe stehenden A-Dur¬&#13;
dreiklanges ergriffen wird, die für das in der Tonart&#13;
gegebene a und e zu hoch, diese selbst, um die Consonanz&#13;
in A-cis-E herzustellen, erhöhen muss.</Unicode>
            </TextEquiv>
        </TextRegion>
        <TextRegion orientation="0.0" type="paragraph" id="TextRegion_1612639741928_5235" custom="readingOrder {index:6;}">
            <Coords points="203,1560 1265,1560 1265,2026 203,2026"/>
            <TextLine id="r1l23" custom="readingOrder {index:0;} m_chord {offset:36; length:7;}">
                <Coords points="298,1612 1261,1611 1262,1579 298,1564"/>
                <Baseline points="304,1596 351,1597 399,1598 446,1598 494,1599 541,1599 589,1600 636,1600 684,1600 731,1600 779,1600 827,1601 874,1601 922,1601 969,1601 1017,1601 1064,1601 1112,1601 1159,1601 1207,1602 1255,1602"/>
                <TextEquiv>
                    <Unicode>Wenn wir zwischen die beiden ersten Accorde den</Unicode>
                </TextEquiv>
            </TextLine>
            <TextLine id="r1l24" custom="readingOrder {index:1;} m_chord {offset:0; length:14;} concept_mus {offset:36; length:5;} textStyle {offset:42; length:20;italic:true; fontSize:0.0; kerning:0;} m_chord {offset:42; length:5;} m_chord {offset:50; length:9;}">
                <Coords points="202,1659 1255,1659 1214,1620 202,1619"/>
                <Baseline points="209,1646 263,1647 318,1649 373,1650 427,1651 482,1651 537,1652 591,1652 646,1652 701,1653 755,1653 810,1653 865,1652 919,1652 974,1652 1029,1652 1083,1653 1138,1653 1193,1653 1248,1653"/>
                <TextEquiv>
                    <Unicode>F-Durdreiklang einschalten, für die Folge C-e-G...cis-e-G-A...</Unicode>
                </TextEquiv>
            </TextLine>
            <TextLine id="r1l25" custom="readingOrder {index:2;} textStyle {offset:0; length:5;italic:true; fontSize:0.0; kerning:0;} m_chord {offset:0; length:5;} concept_mus {offset:10; length:5;} textStyle {offset:17; length:33;italic:true; fontSize:0.0; kerning:0;} m_chord {offset:17; length:5;} m_chord {offset:25; length:5;} m_chord {offset:33; length:9;} m_chord {offset:45; length:5;}">
                <Coords points="204,1715 1252,1723 1253,1680 204,1671"/>
                <Baseline points="210,1699 261,1700 313,1701 365,1701 417,1702 469,1702 520,1703 572,1703 624,1703 676,1704 728,1704 779,1704 831,1704 883,1704 935,1704 987,1704 1038,1705 1090,1705 1142,1705 1194,1705 1246,1706"/>
                <TextEquiv>
                    <Unicode>D-f-A die Folge: C-e-G...C-F-a...cis-E-G-A...D-f-A setzen,</Unicode>
                </TextEquiv>
            </TextLine>
            <TextLine id="r1l26" custom="readingOrder {index:3;} m_chord {offset:23; length:14;} textStyle {offset:38; length:9;italic:true; fontSize:0.0; kerning:0;} m_chord {offset:38; length:9;}">
                <Coords points="198,1762 1246,1779 1257,1730 199,1733"/>
                <Baseline points="205,1752 257,1753 309,1754 361,1754 414,1755 466,1755 518,1755 570,1756 623,1756 675,1756 727,1756 779,1756 832,1756 884,1756 936,1756 988,1756 1041,1756 1093,1756 1145,1756 1197,1756 1250,1756"/>
                <TextEquiv>
                    <Unicode>so geht dem Gehöre der Septimenaccord A-cis-E|G willig</Unicode>
                </TextEquiv>
            </TextLine>
            <TextLine id="r1l27" custom="readingOrder {index:4;} concept_mus {offset:20; length:8;}">
                <Coords points="207,1819 1265,1817 1265,1780 1221,1772 207,1779"/>
                <Baseline points="213,1806 265,1807 317,1807 369,1807 422,1807 474,1807 526,1808 578,1808 631,1808 683,1808 735,1808 787,1808 840,1808 892,1808 944,1808 996,1808 1049,1808 1101,1808 1153,1808 1205,1809 1258,1809"/>
                <TextEquiv>
                    <Unicode>und in vollkommener Reinheit hervor, weil jetzt in der</Unicode>
                </TextEquiv>
            </TextLine>
            <TextLine id="r1l28" custom="readingOrder {index:5;} m_interval {offset:0; length:4;} m_chord {offset:9; length:16;} concept_mus {offset:50; length:5; continued:true;}">
                <Coords points="203,1867 1257,1859 1216,1827 203,1827"/>
                <Baseline points="209,1856 261,1856 313,1856 365,1857 417,1857 469,1857 521,1858 573,1858 625,1859 677,1859 729,1859 781,1860 833,1860 885,1860 937,1860 989,1860 1041,1860 1093,1860 1145,1859 1197,1859 1250,1858"/>
                <TextEquiv>
                    <Unicode>Terz des F-Durdreiklanges eine Bestimmung für die Into¬</Unicode>
                </TextEquiv>
            </TextLine>
            <TextLine id="r1l29" custom="readingOrder {index:6;} concept_mus {offset:0; length:6; continued:true;} concept_mus {offset:11; length:9;} textStyle {offset:21; length:6;italic:true; fontSize:0.0; kerning:0;} m_interval {offset:21; length:6;}">
                <Coords points="204,1923 1255,1923 1269,1882 204,1883"/>
                <Baseline points="210,1911 262,1911 315,1910 367,1910 420,1910 473,1910 525,1911 578,1911 630,1911 683,1911 736,1912 788,1912 841,1912 893,1912 946,1912 999,1912 1051,1912 1104,1912 1156,1912 1209,1911 1262,1910"/>
                <TextEquiv>
                    <Unicode>nation des Schrittes C..cis gegeben ist. Dann haben wir</Unicode>
                </TextEquiv>
            </TextLine>
            <TextLine id="r1l30" custom="readingOrder {index:7;} concept_mus {offset:21; length:5;} textStyle {offset:43; length:5;fontSize:0.0; kerning:0; letterSpaced:true;} m_interval {offset:43; length:5;} concept_mus {offset:49; length:7; continued:true;}">
                <Coords points="204,1971 1266,1962 1140,1931 204,1940"/>
                <Baseline points="211,1962 263,1962 315,1961 368,1961 420,1961 473,1961 525,1962 577,1962 630,1962 682,1963 735,1963 787,1963 839,1964 892,1964 944,1964 997,1964 1049,1964 1101,1964 1154,1964 1206,1963 1259,1962"/>
                <TextEquiv>
                    <Unicode>aber eben jene erste Folge, in welcher die Quint chroma¬</Unicode>
                </TextEquiv>
            </TextLine>
            <TextLine id="r1l31" custom="readingOrder {index:8;} concept_mus {offset:0; length:5; continued:true;} concept_mus {offset:6; length:13;}">
                <Coords points="200,2026 695,2027 695,1996 629,1979 575,1979 529,2002 462,1980 200,1988"/>
                <Baseline points="207,2014 232,2014 257,2014 282,2014 308,2014 333,2014 358,2014 384,2014 409,2014 434,2014 460,2014 485,2014 510,2014 536,2014 561,2015 586,2015 612,2015 637,2015 662,2016 688,2016"/>
                <TextEquiv>
                    <Unicode>tisch fortschreitet, erhalten.</Unicode>
                </TextEquiv>
            </TextLine>
            <TextEquiv>
                <Unicode>Wenn wir zwischen die beiden ersten Accorde den&#13;
F-Durdreiklang einschalten, für die Folge C-e-G...cis-e-G-A...&#13;
D-f-A die Folge: C-e-G...C-F-a...cis-E-G-A...D-f-A setzen,&#13;
so geht dem Gehöre der Septimenaccord A-cis-E|G willig&#13;
und in vollkommener Reinheit hervor, weil jetzt in der&#13;
Terz des F-Durdreiklanges eine Bestimmung für die Into¬&#13;
nation des Schrittes C..cis gegeben ist. Dann haben wir&#13;
aber eben jene erste Folge, in welcher die Quint chroma¬&#13;
tisch fortschreitet, erhalten.</Unicode>
            </TextEquiv>
        </TextRegion>
        <TextRegion orientation="0.0" id="TextRegion_1612639739020_5231" custom="readingOrder {index:7;} structure {type:paragraph-continued;}">
            <Coords points="203,2026 1265,2026 1265,2136 203,2136"/>
            <TextLine id="r1l32" custom="readingOrder {index:0;} concept_mus {offset:21; length:9;} m_tonality {offset:40; length:9; continued:true;}">
                <Coords points="292,2075 879,2091 1258,2067 1240,2036 292,2036"/>
                <Baseline points="298,2065 345,2065 393,2065 441,2065 488,2065 536,2065 584,2066 631,2066 679,2066 727,2066 775,2067 822,2067 870,2067 918,2067 965,2067 1013,2067 1061,2067 1108,2067 1156,2066 1204,2066 1252,2065"/>
                <TextEquiv>
                    <Unicode>Und so wird auch der Uebergang nach der Oberdomi¬</Unicode>
                </TextEquiv>
            </TextLine>
            <TextLine id="r1l33" custom="readingOrder {index:1;} m_tonality {offset:0; length:10; continued:true;} concept_mus {offset:23; length:12;} concept_mus {offset:36; length:14;}">
                <Coords points="196,2121 1271,2131 1271,2093 1223,2084 196,2095"/>
                <Baseline points="203,2117 256,2117 309,2117 362,2117 415,2117 468,2118 521,2118 574,2118 627,2118 680,2118 733,2119 786,2119 839,2119 892,2119 945,2120 998,2120 1051,2120 1104,2120 1157,2120 1210,2120 1264,2119"/>
                <TextEquiv>
                    <Unicode>nanttonart nicht durch chromatische Fortschreitung des</Unicode>
                </TextEquiv>
            </TextLine>
            <TextEquiv>
                <Unicode>Und so wird auch der Uebergang nach der Oberdomi¬
nanttonart nicht durch chromatische Fortschreitung des</Unicode>
            </TextEquiv>
        </TextRegion>
    </Page>
</PcGts>
