1444 2597
684 235 767 284 231
194 331 1257 378 Inneren, die Anschauung des geringeren oder höheren
196 387 1258 426 Grades der Entwickelung des zuerst gesetzten Einheitsbe¬
192 448 1253 491 griffes. So tritt der Unterschied des wiederholt-zweithei¬
201 484 1255 539 ligen und des wesentlich viertheiligen Metrums, dieser
201 547 1261 587 beiden, dem äusseren Umfange nach gleichen Forma¬
202 596 1263 643 tionen, deutlich hervor, wenn wir die beiden nach¬
204 652 1265 697 stehenden Figuren betrachten und mit einander ver¬
199 706 360 756 gleichen,
196 938 1259 988 wo die letztere als eine in ihrer Mitte ungetrennte orga¬
200 994 1265 1027 nisch reicher-bestimmte und ineinander verwachsenere
192 1037 1018 1091 gegen die erste sich augenscheinlich kundgibt.
220 1148 1237 1192 Fünf- und siebenzeitige Formation, als zusammen¬
492 1203 965 1267 gesetzte, unorganische.
285 1300 1263 1348 21. Wenn die metrisch-dreitheilige Einheit ihrer for¬
197 1367 1259 1411 mellen Beschaffenheit nach in einem übereinandergreifen-
202 1416 651 1467 den Doppelpaare besteht,
205 1628 1258 1675 indem die Zwei-Einheit hier zur Hälfte aus sich heraus¬
201 1675 1259 1739 getreten, ihr zweites Moment wieder als erstes ergriffen
205 1738 1262 1779 hat, — die viertheilige mit dem dritten Gliede ein neues
200 1780 1259 1835 Paar beginnt, ohne die Verbindung des zweiten und drit¬
206 1849 1184 1891 ten Gliedes als eine dagewesene verläugnen zu können,
197 2039 1278 2092 die aber jetzt vor der Entgegensetzung der verbundenen
201 2085 1270 2148 ganzen Paare zurücktreten muss: — so könnte man wohl
