1444 2597
644 250 727 299 335
146 348 1208 395 linken, nachtretenden, als das accentlose gelten können.
154 396 1215 443 Das Antreten mit dem rechten Fusse wird den Accent auf
153 452 1204 500 dem ersten, das Antreten mit dem linken auf den zweiten
153 508 1203 562 Schritt fallen lassen; jenes als die positiv-metrische Folge,
153 560 1155 604 1—2, dieses als die negative, 2—1, zu betrachten sein.
237 612 1200 659 144. Man nennt diese metrische Gliederzweiheit be¬
151 660 1209 706 kanntlich eine Dipodie. Wenn wir dafür den Ausdruck
156 728 1197 771 „Zweifuss” setzen wollten, so würde es doch nicht pas¬
156 772 1212 819 send sein, die dreigliedrige Einheit, die Tripodie, einen
152 827 1207 876 „Dreifuss” zu nennen. — Wie ein Schreiten mit drei
151 876 1207 922 Füssen an sich schon schwer zu denken ist, so wissen
156 930 1207 989 wir, dass die dreigliedrig-metrische Einheit eben auch
145 979 1211 1026 eine Paares-Formation und zwar höherer Potenz ist und
147 1035 1206 1083 hier als die Thätigkeit eines Paares von Fusspaaren anzu¬
154 1092 1203 1132 sehen sein würde, dessen zweites mit dem zweiten Schritte
155 1140 1203 1187 des ersten antritt. Eine weitere Verfolgung des Vergleiches
154 1203 1213 1250 metrischer Glieder mit der Thätigkeit dieser Leibesglieder
145 1254 1203 1291 möchte sich überhaupt ungeeignet erweisen und könnte in's
156 1300 1199 1346 Komische fallen. So z. B. wenn wir ein combinirtes Me¬
153 1356 1212 1403 trum, wie das doppel-zweizeitige vergleichen wollten mit
151 1404 1198 1451 dem Gange eines in langen langsamen Schritten wandeln¬
145 1459 1205 1507 den Vaters, den Kleinen an der Hand, welcher zwei
146 1516 1202 1555 Schrittchen thun muss zu einem Schritte des Vaters, so
155 1564 1213 1611 dass des Kindes rechtes Füsschen einmal zusammentreten
156 1619 1212 1668 wird mit dem rechten Fusse des Vaters, das andere Mal
146 1668 1209 1715 mit dessen linkem. Wie aber das dreigliedrige Metrum diese
151 1724 1206 1772 Schrittvertheilung an zwei Personen schon nicht mehr zu¬
153 1772 1202 1827 lässt, wenigstens nicht in fortgesetzter Folge, indem das
144 1827 1207 1874 dritte Glied für die zuerst antretende Person einen Still¬
145 1884 1209 1931 stand entstehen lässt; so fehlt auch dem letzteren Verglei¬
154 1938 1192 1979 che für das doppel-zweizeitige Metrum die innere Wahr¬
150 1988 1205 2035 heit: denn es ist jede metrische Formation, auch die
148 2043 1193 2089 complicirteste immer als ein einiger, aus sich selbst geglie¬
145 2092 1211 2139 derter Organismus zu betrachten, dessen Gliederungsbe¬
