1444 2597
680 242 760 283 227
166 337 1246 379 wird, wenn als das Erste, der Theil a, als Einzelnes ge¬
178 388 1244 443 setzt würde, das Zweite, b-c, als Doppeltes, dem Ersten
172 444 1126 499 ungleich, mithin nicht ein Zweites zu diesem a sein;
176 638 1247 692 ebensowenig wird, wenn die Verbindung a-b Erstes sein
181 692 1250 740 soll, c, als Einzelnes, Zweites zu diesem Ersten sein
179 740 328 779 können.
172 931 1248 979 Als Erstes und Zweites können sich hier eben nur die
172 979 1186 1044 Doppelzeiten a-b und b-c, als A und B entgegenstehen.
480 1257 921 1316 III. Vierzeitiges. (Terz.)
263 1341 1232 1396 13. Ein vierter, nach Ablauf des dritten Zeitraumes
183 1397 1244 1444 erfolgender Schlag wird nun auch einen vierten Zeittheil
181 1451 1239 1507 nachfolgen lassen, als Nachklang des dritten, der, erst
176 1508 1234 1556 selbst nachfolgender, jetzt ein vorangehender, ein erster
173 1557 1083 1612 zu dem vierten, als seinem zweiten, geworden ist.
267 1604 1237 1652 14. Diese letzte metrische Formation ist als vier¬
182 1660 1237 1707 gliedrige eine zweimal-zweigliedrige, ist in diesem Sinne
179 1707 1155 1761 Terz; im Verlauf ihres successiven Entstehens aber, —
179 1771 1226 1820 und sie kann als zeitliche Gestaltung eben nur in diesem
170 1819 1230 1867 Processe des Werdens und Gewordenseins ihre Natur und
178 1868 1233 1923 Wirklichkeit haben, — ist sie im Momente ihrer ersten
173 1923 1224 1968 Bestimmung eine zweigliedrige, Octav; wird dann drei¬
179 1979 1222 2027 gliedrig, Quint, und zuletzt viergliedrig, d. i. zweimal-
175 2035 1230 2075 zweigliedrig, Terz. Anders aber, als indem die Gestalt¬
166 2091 1227 2147 ung die ersten beiden Bestimmungen durchgegangen hat,
