1444 2597
634 220 717 267 313
144 315 1217 361 Kunstbedeutung, und zwar ebenso in der Vocalmusik, wie
142 363 611 411 in der Instrumentalmusik.
235 420 1207 467 Aus rhythmischen Phrasen besteht auch die prosaische
149 475 1206 515 Rede. Das Recitativ ist rhythmisch, ohne metrisch zu sein.
148 525 1211 579 Wie aber eben das Recitativ sich von der nachfolgenden
152 580 1205 620 Arie, von dem metrisch-periodischen Musikstücke unter¬
147 635 1208 676 scheidet und erst mit diesem die musikalische Kunstsphäre
152 685 1205 731 im engeren Sinne betreten wird, so ist es ein grosser
149 739 1210 779 Irrthum des Componisten, wenn er glaubt, bei der Compo¬
149 788 1206 836 sition von Textworten überhaupt nur dem rhythmischen
153 844 1209 892 Gange derselben folgen zu dürfen und der musikalisch
144 907 1210 939 metrischen Fassung dabei überhoben zu sein. Auch die
148 950 1201 995 an sich unmetrischen Psalmenworte können nur in metrisch
140 1004 1196 1043 selbstgültiger Fassung musikalisch-künstlerische Behand¬
144 1051 1204 1097 lung finden; denn die Musik soll immer auch als Musik an
150 1108 1195 1147 sich, von den gesungenen Worten abgesehen, ihre Form¬
146 1155 1211 1203 bestimmung in sich tragen. Hätte die Musik keine andere
150 1212 1200 1258 Aufgabe als die, die Worte nach ihren Accenten und ihrer
145 1260 1198 1308 logischen Bedeutsamkeit zu betonen, so würde vor Allem
149 1315 1200 1362 Tact und Mehrstimmigkeit zu beseitigen sein: sie würde
145 1378 1200 1412 sich eben auf recitativische Declamation zu beschränken
142 1420 1204 1467 haben; denn es wird auch der gemessene Vers nicht im
158 1476 1208 1522 Tacte gesprochen, und es können mehrere gleichzeitig ge¬
151 1524 1202 1571 sungene Melodieen, die der mehrstimmige Satz als ver¬
145 1579 1215 1628 schiedene bedingt, nicht in gleichem Maasse der logischen
146 1634 627 1675 Betonung angemessen sein.
160 1732 1181 1781 Ungleichzeitige Gliederung des metrischen Gliedes.
250 1819 1107 1861 Die metrischen Bestimmungen mit dem Räumlichen
583 1867 762 1922 verglichen.
232 1948 1211 1994 104. Man hat die Architectur eine gefrorene Musik
147 2000 1196 2053 genannt; ebenso würde die Musik auch eine flüssige Archi¬
148 2059 1209 2107 tectur zu nennen sein. Das Zeitliche hat einen Begriff der
