1444 2597
671 228 759 275 212
180 328 1239 378 tion das Frühere ist, nur das direct Folgegemässe; darum
184 379 1241 436 ist diese Schlussform eben die allgemeinste, alltäglichste,
180 429 1246 475 die im grössten wie im kleinsten, im erhabensten wie im
181 484 1245 530 trivialsten Musikstücke wiedergefunden wird; denn im
179 541 1244 579 Absonderlichen haben die genialen Componisten immer am
185 596 788 634 wenigsten das Originelle gesucht.
273 643 854 692 312. Es ist aber auch die Form:
180 796 1243 835 in welcher die Unterdominantbeziehung zuletzt steht, eine
184 852 1247 892 nicht weniger richtige und namentlich in der älteren Musik
185 899 1241 947 eine häufig angewandte, wie sie dort auch durch die Be¬
186 957 1234 995 schaffenheit einiger der sogenannten Kirchentonarten na¬
182 1004 1246 1050 türlich bedingt und herbeigeführt wird. Wir nennen diese
182 1061 906 1099 Art zu schliessen den Plagalschluss.
269 1108 905 1155 313. Wenn unter der Bezeichnung:
185 1337 1248 1396 nicht eine Schlussform allein, sondern auch der Begriff
188 1395 1232 1443 des modulatorischen Fortganges und in sich Zurückkeh¬
189 1457 1239 1508 rens, wie er im Ganzen eines Musikstückes besteht, zu
185 1500 1239 1548 fassen sein sollte, so geschieht nach modulatorischer For¬
187 1555 1230 1602 derung der erste Uebergang nicht nach der Unterdomi¬
191 1611 1239 1657 nant, sondern nach der Oberdominant, und erst nachdem
180 1660 1242 1707 die Tonica von dieser Seite festgesetzt ist, wird auch die
185 1716 839 1762 Unterdominant angeregt sein wollen.
269 1772 866 1827 Daher kann die allgemeine Form:
187 1915 1233 1970 welche die Unterdominant vor die Oberdominant setzt,
181 1978 1249 2019 eben nur für den Schluss gelten: nicht als modulatorisches
187 2020 1245 2068 Schema, nicht als Tonartfolge, nur als schliessende Ac¬
181 2075 766 2131 cordfolge innerhalb der Tonart.
