1444 2597
710 227 779 276 22
287 324 1270 371 I. Die Octav: das Intervall in welchem die Hälfte
209 379 1272 426 eines klingenden Quantums sich gegen das Ganze des
216 427 1275 475 Grundtones hören lässt, ist in akustischer Bestimmung der
208 483 1268 531 Ausdruck für den Begriff der Identität, der Einheit
218 546 1269 579 und Gleichheit mit sich selbst. Es bestimmt die
207 587 1148 634 Hälfte das mit sich Gleiche, als andere Hälfte.
297 644 1263 691 II. Die Quint: das Intervall in welchem ein klingendes
212 692 1272 743 Quantum von zwei Drittheilen gegen den Grundton, als
212 748 1260 794 Ganzes, vernommen wird, enthält akustisch die Bestim¬
213 803 1275 859 mung, dass Etwas in sich getrennt sei, und damit den Begriff
208 852 1271 899 der Zweiheit und des inneren Gegensatzes. Wie die Hälfte
214 908 1261 955 ein mit sich Gleiches ausser sich setzt, so bestimmt das Quan¬
214 963 1266 1011 tum von zwei Drittheilen, mit dem Ganzen gehört, das dritte
211 1011 1272 1059 Drittheil; ein Quantum, an welchem das real gegebene als ein
211 1068 1263 1115 Doppeltes, sich selbst Entgegengesetztes erscheint.
294 1124 1267 1178 III. Die Terz: das Intervall in welchem ein klingen¬
214 1172 1270 1220 des Quantum von vier Fünftheilen mit dem Ganzen
205 1227 1269 1275 des Grundtons zu vernehmen ist. Hier bestimmt sich das
212 1283 1268 1339 fünfte Fünftheil, ein Quantum, von welchem das gegebene
207 1331 1267 1378 Vierfaches, das ist: zwei-mal-Zweifaches ist. In der
208 1387 1274 1432 Quantitätsbestimmung von zwei-mal-Zwei, indem das
204 1444 1259 1481 Doppelte hier als Einheit zusammengenommen, im Multipli¬
211 1492 1259 1545 canden, und zugleich als Zweiheit auseinander gehalten wird
206 1548 1277 1603 im Multiplicator, ist der Begriff enthalten der Gleichsetzung
218 1603 1187 1643 des Entgegengesetzten: der Zweiheit als Einheit.
294 1653 1271 1698 11. Wenn die Octav Ausdruck ist für Einheit, so
210 1707 1273 1757 spricht die Quint die Zweiheit oder Trennung aus, die
206 1763 1274 1803 Terz, Einheit der Zweiheit oder Verbindung. Die
206 1812 1171 1859 Terz ist die Verbindung der Octav und Quint.
293 1867 1280 1923 Der Verbindung muss die Trennung, der Trennung
209 1924 791 1980 die Einheit vorausgegangen sein.
288 1972 1276 2020 Die Terz erfüllt die Leere der Quint, indem sie die
203 2035 1267 2080 getrennte Zweiheit dieses Intervalles zur Einheit verbunden
204 2083 478 2131 in sich enthält.
