1444 2597
650 228 732 274 205
157 324 1219 371 nicht auch unterhalb der Haupttonart liegende Tonarten
160 380 1219 420 zu Gehör gebracht würden, wenn sich nur chromatische Er¬
156 427 1218 475 höhungen, nicht auch chromatische Vertiefungen ein¬
157 484 1223 532 finden sollten; denn in diesem Unterschiede wird, allgemein
160 546 1203 595 gesetzt, das Eine und das Andere, die Ober- und die Unter¬
162 596 1217 635 dominantseite sich im Satze der Durtonart äussern müssen.
162 643 1221 691 Wie aber der erste Theil eines Musikstückes, auch wenn
158 699 1225 742 dasselbe von grösserem Umfange ist, sich überhaupt nicht
162 747 1208 794 zu modulatorischer Mannigfaltigkeit bestimmen kann, in¬
162 804 1218 851 dem er nur die Exposition eines Inhaltes und zwar
164 859 1215 899 einer Zweiheit von einem Hauptsatze und einem Neben¬
162 909 1204 955 satze, des ersten in der Tonica, des zweiten in der Domi¬
159 964 1218 1010 nant, darzulegen hat, so werden andere Tonarten, und so
164 1011 1219 1059 eben auch die der Unterdominantseite, namentlich die Un¬
159 1068 1217 1123 terdominanttonart selbst, erst in der weiteren Führung,
158 1116 1225 1163 nachdem das Positive der tonischen Tonart durch ihre
161 1171 1219 1219 Oberdominant erst festgestellt ist, ihren Platz finden
164 1227 308 1276 können.
240 1275 1223 1339 302. Es fällt in der allgemein gültigen, in der Nor¬
165 1340 1221 1388 malform des musikalischen Baues, sofern überhaupt eine
166 1387 1210 1435 Mannigfaltigkeit der Tonarten darin waltet, Alles von mo¬
156 1436 1219 1481 dulatorisch entfernterem Bezuge, sowie namentlich das
160 1497 1221 1539 nach der Unterdominantseite gerichtete nur in den zweiten
160 1541 1217 1588 Theil des Ganzen und zwar vor den Wiedereintritt der
155 1595 1218 1640 Haupttonart, in welcher sodann der Haupt- und der Ne¬
165 1652 1223 1706 bensatz, im ersten Theile durch die Quint-Trennung aus¬
160 1714 1132 1747 einandergehalten, tonisch verbunden zusammentreten.
242 1755 1224 1799 303. Wiewohl das Gesetzliche in der Modulationsord¬
159 1818 1226 1858 nung ein ganz allgemeines ist und auf jede musikalische
165 1859 1221 1907 Form anzuwenden sein wird, so ist hier, wo von einer
163 1915 1221 1962 Folge von Haupt- und Nebensatz, von ihrer Quint-Trenn¬
165 1971 1226 2011 ung im ersten und ihrer tonischen Vereinigung im zweiten
165 2021 1227 2075 Theile die Rede ist, doch hauptsächlich diejenige Fassung
157 2084 1224 2123 eines Musikstückes in Betracht gezogen, wie sie als die
