1444 2597
625 667 771 731 Klang.
266 796 1233 843 1. Wo Klang entstehen soll, wird erfordert: ein
168 851 1227 899 elastisches, gespanntes, in sich gleichförmiges Material, und
172 905 1230 947 dessen erzitternde oder vibrirende Bewegung. Die Theile
174 955 1229 995 des Bewegten sind dann abwechselnd in- und ausser¬
174 1004 1227 1050 halb ihres gleichmässigen Cohäsionszustandes. Der Augen¬
174 1060 1224 1107 blick des Uebergehens in diesen Zustand der Gleichheit
174 1116 1224 1158 oder inneren Einheit, ist Das, was sich durch den Sinn
174 1163 1233 1211 des Gehörs als Klang empfinden lässt. Es ist das Wer¬
169 1220 1229 1268 den des in der Ruhe absolut bestehenden, in der elastischen
165 1275 1222 1314 Bewegung abwechselnd aufgehobenen und sich wieder her¬
166 1328 500 1371 stellenden Seins.
254 1379 1227 1427 2. Nicht das In-sich-sein oder todte Verharren in
165 1436 1209 1482 der Ruhe, und nicht das Ausser-sich-sein in der Be¬
176 1491 1188 1531 wegung ist klingend, sondern das Zu-sich-kommen.
262 1540 1220 1588 3. Der Klang ist nur ein Durchgangsmoment aus dem
168 1595 1222 1643 Entstehen in das Vergehen des Zustandes der Einheit.
169 1649 1224 1691 Die schnell aufeinander folgenden Wiederholungen dieses
173 1699 1152 1747 Momentes lassen den Klang als fortklingend erscheinen.
264 1755 1230 1801 4. Wir unterscheiden hohe und tiefe Klänge, und es
168 1804 1233 1850 ist bekannt, dass der Unterschied von Höhe und Tiefe mit
169 1860 1226 1908 der Schnelligkeit der Vibrationen in Verhältniss steht. Die
162 1925 1220 1965 grössere Schnelligkeit, oder die grössere Anzahl der Vibra¬
166 1964 1218 2011 tionen, welche in einer Zeit erfolgen, kann aber nicht den
169 2023 1228 2075 grösseren Grad der Höhe des Klanges bewirken, wenn, nach
168 2075 1226 2124 dem Obigen, der Klang schon in einem Momente der einzel¬
