1444 2597
659 250 717 299 61
243 348 1220 391 79. Im C-Mollsysteme ergab sich als aufsteigende me¬
147 395 1148 443 lodische Fortschreitung aus der fünften Stufe die Folge:
160 676 1215 724 die ersten drei Töne als Bestimmungen an der Quint der
164 731 1216 778 Oberdominant, die letzten zwei an der Dominant selbst.
158 780 1220 826 Hier hatte sich der Uebergang aus G nach h, welcher durch
167 835 1222 883 as nicht gewährt ist, durch ein anderes Mittelglied, A, zu
157 891 1232 947 bilden. Absteigend wird ein vermittelter Uebergang von C
163 955 1223 996 nach as zu finden sein, welcher durch h nicht geschehen
157 995 1216 1039 kann. Dieser ergibt sich, wenn C wie as auf den Unterdomi¬
157 1053 1219 1091 nantdreiklang bezogen wird und an dessem Grundtone F
166 1101 1221 1147 selbst nun die Quintbestimmung durch B erfolgt. Damit wird
162 1156 651 1203 die rückgängige Folge sein:
159 1405 1210 1451 die ersten drei Töne sind am Grundtone des Unterdominant¬
165 1460 1216 1507 accordes, die letzten zwei an der Tonica bestimmt. Die
162 1515 1217 1571 ganze C-Molltonleiter besteht demnach für beide Bewegun¬
153 1564 497 1619 gen in den Folgen:
249 1876 1222 1923 80. Dass hier wie irgendwo von einem willkührlichen
158 1932 1218 1978 Erhöhen oder Vertiefen einer Tonstufe die Rede nicht sein
162 1988 1217 2034 kann, wird nach dem Bisherigen nicht mehr gesagt oder
162 2038 1220 2091 wiederholt zu werden brauchen. Ebenso liegt es im Begriffe
160 2091 1228 2140 des Tonartsystemes, dass die grosse Sext der aufsteigenden
