1444 2597
648 227 726 275 379
152 324 1221 371 Septime oder im Grundtone vorbereitet, jenachdem der
161 379 1212 428 Uebergang in einen über- oder unter-liegenden Dreiklang
153 429 1211 475 im Septimenaccorde zusammenklingend enthalten ist. So
157 484 1214 523 entsteht aus dem Uebergange von C-e-G nach a-C-e die
158 531 1219 580 Septimenharmonie a-C-e-G in der Lage C-e-G-a, denn die
155 588 1221 634 Quint des C-Durdreiklanges ist zu dem Grundtone des
153 641 1212 694 a-Molldreiklanges fortgeschritten und ist als Quint zugleich
159 691 1214 740 liegen geblieben: die Dissonanz in C-e-G-a ist durch die
161 748 1217 787 Septime G vorbereitet. Septime wird aber dieses G durch
152 796 768 843 den Eintritt des Grundtones a.
248 851 1211 897 15. Der entgegengesetzte Uebergang, aus dem Drei¬
156 906 1215 949 klange a-C-e nach dem Dreiklange C-e-G, lässt, zur Har¬
163 956 1214 1009 monie fixirt, denselben Septimenaccord a-C-e-G, und zwar
152 1009 1217 1057 in der Lage G-a-C-e entstehen, denn a ist hier nach G
158 1059 1214 1109 fortgeschritten. In dieser Folge ist es aber die Quint des
156 1116 1215 1163 neuen Dreiklanges, welche gegen den Grundton des ersten
158 1164 555 1212 dissonirend hinzutritt.
242 1219 1217 1267 Die Folge a-C-e...G-C-e = G-a-C-e bestimmt mit dem
152 1276 1205 1323 zweiten Momente keine neue Basis; wohl aber die Folge
158 1331 1207 1372 C-e-G...C-e-a = C-e-G-a. Der Septimenaccord der letzten
156 1380 1204 1435 Folge, indem er durch den Eintritt des Grundtones entsteht,
154 1437 1211 1473 wird die metrisch erste Stelle, das accentuirte Moment er¬
154 1484 1208 1531 halten wollen. Im Septimenaccorde der Folge a-C-e...G-C-e
160 1539 1207 1583 ist aber die Basis des zweiten Dreiklanges schon im ersten
160 1588 1207 1643 enthalten; er tritt nicht mit neuem Grundtone auf, er bringt
154 1650 1209 1691 nur die Quint zu einem schon vorhandenen Grundtone
153 1690 1208 1739 hinzu, ein harmonisch-Secundäres, Relatives; und wird
158 1755 1204 1803 somit auch metrisch nicht primäre, positive, erste oder
154 1806 1208 1859 accentuirte Stellung erhalten können, sondern eben auch
154 1851 1201 1907 die seiner harmonischen Bedeutung entsprechende relative,
152 1908 1205 1953 oder secundäre: er wird auf dem zweiten, dem nicht-
149 1964 1210 2004 accentuirten metrischen Momente seine Stelle finden. So
155 2019 1208 2068 steht normal die vorbereitete Septime auf „gutem”, die
149 2068 1092 2108 nachschlagende Septime auf „schlechtem” Tacttheile.
