1444 2597
713 260 760 307 54
202 356 1264 403 Ebenso die Schritte F..G und G..a; in diesen Fortschreitungen
210 404 1256 458 wechselt C zwischen der Grundtons- und Quintbedeutung.
213 459 1270 507 Von der sechsten zu der siebenten Stufe von a zu h, ist
204 516 1262 561 aber, sofern diese beiden Töne als Terzen der beiden Do¬
206 564 1261 612 minantaccorde in der Tonart enthalten sind, ein solcher
210 620 1268 667 verbindender Ton zur Vermittlung des Ueberganges nicht
205 676 1264 723 vorhanden, denn die Dreiklänge der Unter- und Oberdo¬
206 739 1261 772 minant sind getrennte, sie haben kein gemeinschaftliches
209 780 1261 827 Moment, durch dessen Umwandlung der Schritt a..h gege¬
210 835 1267 882 ben sein könnte. Daher zwischen diesen beiden Tönen, auf
211 888 1256 940 jene beiden Accorde bezogen, sich eine Trennung empfin¬
210 939 1268 987 den lässt, die den Uebergang erschwert, denn er ist dann
205 996 1271 1035 eben kein Uebergang zu nennen, sondern vielmehr ein
202 1043 1260 1093 Sprung. Die Entfernung zwischen diesen beiden Tönen, in
206 1100 1256 1148 ihrer Eigenschaft als Terzen des Unter- und Oberdominant¬
205 1156 1260 1195 dreiklanges, scheint eine weitere zu sein als die der bis¬
213 1204 1260 1251 herigen Secundschritte, und doch ist sie an sich gleich der
208 1259 1264 1307 Entfernung zwischen der ersten und zweiten, oder vierten
211 1322 1255 1372 und fünften Stufe, nach Bezeichnung des Schwingungsver¬
210 1363 1257 1411 hältnisses = 8:9. Aber wie eben diese Zahlenverhältnisse
205 1420 1262 1466 für die Bedeutung der Intervalle etwas Erklärendes nicht
204 1478 1271 1532 enthalten, und wir eben so wenig die Secunden C..D und
205 1524 1259 1577 F..G durch das Verhältniss 8:9, als die Secunden D..e,
210 1580 1268 1627 und G..a durch das Verhältniss 9:10 sowie e..F und
210 1635 1265 1691 h..C durch 15:16 zu intoniren vermögen, sondern, gleich¬
206 1696 1268 1739 gültig gegen das Maass der grösseren oder kleineren äusseren
207 1739 1267 1795 Entfernung, sie nur durch die Umwandlung der Bedeutung
206 1795 1265 1851 eines vermittelnden Gliedes bestimmt erhalten, so wird
201 1852 1264 1892 auch der Schritt von der sechsten nach der siebenten Stufe
201 1899 1263 1947 nur durch eine solche Vermittlung sich als eine verständ¬
205 1955 704 2011 liche Folge ergeben können.
290 2004 1270 2051 68. Diese Vermittlung findet sich auch hier, zwar nicht
205 2060 1258 2107 in den unverbundenen Hauptaccorden, aber in den Accor¬
203 2116 1266 2163 den secundärer Ordnung, nämlich in den verbundenen
