1444 2597
724 243 813 292 294
237 507 1291 553 so verbindet auch die rhythmische Formation das metrisch
233 556 1291 610 Entgegengesetzte, das Verwandte, d. h. von einander
235 615 1296 659 Abgewendete: sie geht über das Ende der metrisch-positiven
233 667 1288 707 Einheit hinaus und hält dieses mit dem Anfange einer fol¬
234 715 819 771 genden als Schluss zusammen.
507 819 1013 883 Der rhythmische Schluss.
320 916 1284 963 80. Es ist der Begriff des Schlusses, dass etwas Ge¬
231 971 1272 1019 trenntes verbunden, dass es zusammengeschlossen werde.
316 1019 1284 1076 Die Verbindung setzt immer eine Trennung voraus,
230 1075 1288 1122 diese die Einheit (I. 11.). So ist der Schluss die Befriedi¬
238 1131 820 1187 gung wiederhergestellter Einheit.
316 1179 1286 1228 Das positiv-metrische Paar bildet an sich keinen
230 1236 1283 1282 Schluss. Es ist Eins in sich und hat darum Nichts zu
237 1288 1291 1331 verbinden. So kann der Magnet mit seinem positiven und
229 1339 1283 1388 negativen Pole an sich selbst keine anziehende Kraft äus¬
225 1403 1283 1449 sern. Wie aber die entgegengesetzten Pole zweier Magnete
230 1446 1280 1492 sich suchen, das Minus des einen dem Plus des anderen
227 1500 1287 1547 sich verbinden, sich ihm anschliessen will, so sehen wir
222 1556 1277 1604 auch, dass in der metrisch-negativen Form, ..2—1..,
218 1604 1279 1659 die beiden Glieder sich um so fester zusammenschliessen,
226 1659 1287 1707 als sie eben entschieden nicht schon metrische Einheit sind.
302 1707 993 1755 Bei einer fortgesetzten positiven Reihe
220 1923 1281 1969 wird man leicht wahrnehmen, dass es die darin auch ent¬
209 1979 629 2035 haltene negative Reihe
