1444 2597
738 227 826 275 126
238 316 1310 369 klange d-F-a als Terz und Quint angehören, und der
231 371 1310 419 Uebergang in die andere Bedeutung, in C-F-a, nur durch
239 428 1082 474 die Fortschreitung d..C erlangt werden könnte.
325 473 1300 523 193. So werden die Folgen, h-D|F-a...C-D-F-a und
244 524 1302 580 h-D-F-G...C-D-F-a, dem Gehöre nicht als unvermittelte
249 589 1300 634 oder fehlerhafte erscheinen, während sie in das Gebiet der
245 637 1305 691 F-Durtonart gerückt, mit dem Dreiklange d-F-a, anstatt
240 691 1298 739 des verminderten D|F-a, in B-d-F-a...C-d-F-a; B-d-F-G...
240 740 860 787 C-d-F-a, sich unzulässig erweisen.
324 795 1298 840 194. Weit leichter ist noch in die Bedeutung dieser
242 844 1308 891 Folgen einzugehen, wo sie sich auf die Intervalle der
246 900 1308 947 Molltonart beziehen, wie in den Accorden h-D|F-as...
249 949 1309 1003 C-D-F-as, h-D-F-G...C-D-F-as. Wiewohl das dissonirende
240 1004 1300 1051 Intervall C-D nach seiner äusseren Beschaffenheit in diesen
241 1060 1306 1107 Accorden ganz dasselbe ist wie in der Durtonart, so ist die
241 1108 1305 1156 Wirkung der Dissonanz hier doch eine weit weniger herbe
239 1172 1307 1219 oder harte. Wir finden hierin wieder bestätigt, dass diese
244 1212 1311 1286 Wirkung nicht in dem unmittelbaren Verhältnisse der
241 1268 1299 1315 dissonirenden Töne selbst liegt, sondern aus anderen Be¬
242 1324 1304 1372 ziehungen hervorgeht und ihren Character erhält. Es liegt
244 1373 1296 1419 aber der Grund der leichteren Verständlichkeit dieser Ac¬
244 1435 1310 1475 corde darin, dass der Zusammenklang D|F-as entschieden als
241 1484 1304 1531 ein Accord der Trennung vernommen wird, während D|F-a,
243 1532 1311 1580 in seiner Aehnlichkeit mit d-F-a, uns in Zweifel lassen
243 1587 1294 1628 kann, welcher von beiden Accorden in der Septimenhar¬
240 1636 1308 1684 monie gelten solle. Nur in Verbindung mit der Oberdomi¬
238 1692 1299 1729 nantterz h, ist D entschieden als Dominantquint be¬
245 1746 1306 1788 stimmt; mit F-a allein verbunden, wird es leicht die zu
241 1796 1309 1843 diesem Intervalle consonirende Bedeutung annehmen; es
243 1851 1315 1891 wird als Terz von B, Grundton des Molldreiklanges d-F-a
245 1900 394 1947 werden.
329 1950 1307 2011 195. Wie aber die Beschaffenheit der Accorde D|F-a-C
236 2012 1304 2051 und D|F-as-C den aufsteigenden Eintritt der Septime
244 2059 1321 2107 statthaft erscheinen lässt, so wird dieser Eintritt für die
