1444 2597
649 220 743 267 386
162 315 1222 356 aufzunehmen haben; das dritte Glied, das auflösende, be¬
161 378 1222 419 stimmt sich dann in Folge der Bestimmung des zweiten
162 420 1225 467 zu einem accentuirten oder nicht-accentuirten von selbst.
249 474 1220 515 Die harmonisch-metrische Bestimmung ist sodann ent¬
165 524 302 570 weder:
254 756 1224 803 Unter der ersten dieser Formen erscheint die soge¬
165 814 1227 853 nannte nachschlagende Septime; eben auch werden sich
169 859 1225 907 ihr solche Septimenformationen fügen, die im verwendeten
166 915 1222 963 Systeme ihre Entstehung haben; vorzugsweise der Ober¬
170 964 1222 1010 dominantseptimenaccord und der Septimenaccord der Ober¬
169 1027 1229 1067 dominantterz; weniger unbedingt in der Durtonart der
170 1076 1224 1132 Septimenaccord der Oberdominantquint aus früher bespro¬
172 1123 462 1171 chenem Grunde.
260 1180 1229 1227 In der zweiten Form stellt sich allezeit die Vorhalts¬
168 1235 1227 1275 dissonanz dar, wie auch in ihr die nicht im Grundtone
173 1284 1225 1328 vorbereiteten Septimenaccorde des unverwendeten Syste¬
174 1340 1234 1386 mes erscheinen müssen, die des verwendeten Systemes
170 1388 1231 1435 erscheinen können und in gebundener Harmonie auch meh¬
176 1444 684 1491 rentheils erscheinen werden.
219 1547 1188 1595 Die Dissonanz im drei- und vierzeitigen Metrum.
261 1635 1227 1683 23. Es ist bisher in harmonisch-metrischer Beziehung
176 1684 1236 1731 immer nur das Verhalten von erster und zweiter Zeit in
171 1739 1240 1787 Betracht gezogen worden; das zweizeitige Metrum ist aber
179 1799 1236 1844 nur der Anfang der metrischen Bildung, sie geht zu dem
180 1844 1236 1892 drei- und vierzeitigen fort und findet erst in diesen beiden
178 1899 992 1947 Momenten ihre Entwickelung und Vollendung.
260 1948 1241 1995 Die Accentbestimmung wird durch diese weitere For¬
182 2008 1234 2052 mation eine combinirte. Im dreizeitigen wie im vierzeitigen
177 2058 1229 2107 Metrum ist die zweite Zeit nicht mehr accentlos; im drei¬
