1444 2597
712 220 788 259 296
219 307 1282 355 ein für das Ganze klein zu achtendes zweites Glied fallen
211 364 1284 412 lassen zu wollen, und es wird die Unmöglichkeit einer
217 420 1291 459 solchen Form, als einer rhythmisch geschlossenen, sich
219 468 816 515 dem Gefühle von selbst ergeben:
213 772 1273 818 Dagegen das kleinste zweite Glied mit einem darauf fol¬
214 828 1267 882 genden ersten der höchsten Ordnung sich zu einer rhyth¬
222 883 1231 925 misch geschlossenen Figur immer leicht verbinden wird:
299 1159 1275 1204 83. Die rhythmische Einheit ist in diesem Sinne etwas
214 1213 1262 1267 der metrischen Einheit Entgegengesetztes. Was im posi¬
216 1260 1265 1314 tiven Metrum getrennt ist und auseinanderfallen würde,
218 1315 1274 1356 wird durch den rhythmischen Schluss verbunden und zu¬
221 1377 1269 1428 sammengehalten. Im metrisch-Getrennten ist rhythmi¬
217 1424 1267 1467 sches Verbundensein, im rhythmisch-Getrennten metri¬
219 1483 1279 1531 sches Verbundensein. Damit ist nicht gesagt, dass das
220 1532 1265 1572 metrisch-Einige rhythmisch getrennt, das rhythmisch-
220 1579 1274 1628 Einige metrisch getrennt sein müsse, nicht, dass das
213 1635 1276 1679 Positive der einen Bestimmung durch das Negative der an¬
217 1698 1273 1740 deren aufgehoben würde, sondern nur, dass das Negative
219 1740 1278 1786 der einen durch das Positive der anderen überall gedeckt
214 1796 1271 1835 werde. Es wird somit, wo eine metrische Verbindung da
218 1850 1274 1891 ist, eben weil sie da ist, eine rhythmische Trennung, ein
217 1899 1273 1948 Einschnitt, eine Cäsur möglich sein; jedes metrische Mo¬
212 1956 1269 1996 ment, das die Bedeutung eines ersten kann geltend ma¬
208 2004 1277 2058 chen, wird, insofern es diess kann, ein rhythmisch letztes,
211 2059 764 2106 ein schliessendes sein können.
