1444 2597
692 219 777 267 152
292 315 1264 362 228. Es wird für die Accordlage auch hier wieder nur
193 364 1254 410 die eine Bedingung sich feststellen, dass in dem Zusam¬
192 420 1261 466 menklange, an welchem diese Grenztöne verbunden Theil
193 476 1265 516 nehmen, dieselben allein in der Sextlage, nicht aber in
200 524 1035 571 enger oder weiter Terzlage erscheinen dürfen.
282 580 1264 627 229. Die Septimenaccorde der Molltonart, in denen
192 628 1256 674 dieser Zusammenklang enthalten ist, werden auf der Ober¬
192 683 1258 731 dominantterz, Oberdominantquint, und auf dem an dieser
190 739 1255 778 Dominantseite hereingetretenen Tone selbst zu finden sein.
281 787 645 835 In der C-Molltonart:
195 948 1260 996 Die beiden letzteren werden uns, mit der Sextlage ihres
192 1004 1253 1049 verminderten Terzintervalles, als bekannte Harmonieen
197 1052 1259 1099 ansprechen, der mittlere, D-fis|as-C, auch in der Moll-Dur¬
201 1107 1253 1155 tonart auf der Oberdominantquint, der letztere als fis|as-C-e
201 1163 1250 1211 auf deren Terz seine Stelle finden; während der erste,
199 1213 1261 1260 der in einer eben so berechtigten Bildung als die anderen
198 1268 1261 1315 zu bestehen scheint, doch in keiner Versetzung seiner Töne
189 1325 803 1374 als verständlicher Accord erklingt.
281 1371 1261 1420 230. Der Zusammenklang h-D-fis|as enthält in h und
190 1428 1253 1483 fis zwei Leittöne zugleich; als solche ergeben sich beide,
189 1476 1259 1522 indem der eine und der andere in der Verbindung mit
200 1532 1251 1587 as, sich nur aufwärts bewegen kann: h kann nur nach C,
196 1580 1251 1634 fis nur nach G führen. Als Leitton kann aber h sich nur
195 1636 1255 1684 im Zusammenklange mit F, fis nur im Zusammenklange mit
200 1684 1263 1738 C behaupten: jener im Accorde h-D|F, dieser im Accorde
198 1740 1243 1795 fis|as-C. Die Septimenaccorde, an welchen diese Zusam¬
190 1795 1254 1841 menklänge Theil haben, sind dort G-h-D|F, h-D|F-as, hier
197 1844 1251 1888 D-fis|as-C, fis|as-C-es. Es schliesst sich also der Septimen¬
188 1904 1255 1946 accord h-D-fis|as, als einen inneren Widerspruch enthal¬
186 1948 570 2003 tend, von selbst aus.
276 2004 1254 2067 Dasselbe findet aber auch volle Anwendung im Dur¬
185 2060 1250 2100 tonartsysteme, denn auch hier können die Grenzverbind¬
