1444 2597
649 234 727 283 289
250 331 1214 380 76. Die wechselseitige Combination der zwei-, drei-
158 387 1215 435 und vierzeitigen Formation ist schon früher (II. 25.) auf¬
157 436 1226 489 gezählt und metrisch verzeichnet worden. Es würde ein
165 498 1217 539 ebenso weitläufiges als nutzloses Unternehmen sein, wenn
160 540 1209 582 wir die Accentordnung für diese neun Combinationsfor¬
165 595 1211 644 men in der Ausführlichkeit, wie es für die einfach zwei-,
161 643 1212 692 drei- und viergliedrigen Metra geschehen ist, aufführen
163 701 1205 747 wollten; wenn wir das zweimal-dreizeitige und dreimal-
162 761 1210 811 zweizeitige mit ihren $$MATH oder $$MATH, das drei¬
160 804 1220 850 mal-dreizeitige mit seinen $$MATH, das dreimal-vier¬
163 867 1218 907 zeitige und viermal-dreizeitige mit ihren $$MATH oder
162 914 1223 971 $$MATH und endlich das viermal-vierzeitige mit
164 964 1213 1011 seinen $$MATH verschiedenen Accentbestimmun¬
166 1020 1214 1074 gen in metrischer und musikalischer Bezeichnung zur Dar¬
159 1072 1225 1116 stellung bringen wollten. Nach dem Vorhergehenden wird
157 1124 1221 1171 die Betonung für jeden Einzelfall einer metrisch-höheren
168 1180 1210 1219 Combination, auch für den in positiven und negativen Be¬
164 1241 1206 1276 stimmungen sich mehrfach durchkreuzenden, ohne Schwie¬
156 1284 1220 1327 rigkeit zu finden sein, wenn man die Accente jeder Ord¬
161 1340 1214 1393 nung auf den betreffenden Momenten sich summiren lässt,
159 1388 1223 1441 wodurch der höchste sowohl wie die untergeordneten
160 1443 1222 1491 nach ihren Stufen sich von selbst ergeben müssen. So
164 1508 1220 1556 würde z. B. das dreimal-dreizeitige Metrum mit negativem
160 1548 1221 1595 Paare der niederen Ordnung, mit positivem der zweiten
156 1613 1222 1659 und dritten, und negativem der höchsten, folgende Gestalt
158 1666 589 1715 und Betonung erhalten:
