<?xml version="1.0" encoding="UTF-8" standalone="yes"?>
<PcGts xmlns="http://schema.primaresearch.org/PAGE/gts/pagecontent/2013-07-15" xmlns:xsi="http://www.w3.org/2001/XMLSchema-instance" xsi:schemaLocation="http://schema.primaresearch.org/PAGE/gts/pagecontent/2013-07-15 http://schema.primaresearch.org/PAGE/gts/pagecontent/2013-07-15/pagecontent.xsd">
    <Metadata>
        <Creator>prov=University of Rostock/Institute of Mathematics/CITlab|PLANET AI GmbH/Gundram Leifert/gundram.leifert@planet-ai.de:name=ONB_Newseye_GT_M1+(htr_id=10810)::::v=2.6.7
prov=University of Rostock/Institute of Mathematics/CITlab|PLANET AI GmbH/Tobias Gruening/tobias.gruening@planet-ai.de:name=de.uros.citlab.module.baseline2polygon.B2PSeamMultiOriented:v=2.6.7
prov=University of Rostock/Institute of Mathematics/CITlab|PLANET AI GmbH/Tobias Gruening/tobias.gruening@planet-ai.de:name=/net_tf/LA73_249_0mod360.pb:de.uros.citlab.segmentation.CITlab_LA_ML:v=2.6.6
Transkribus</Creator>
        <Created>2021-02-02T15:22:40.726+01:00</Created>
        <LastChange>2021-03-22T13:26:22.283+01:00</LastChange>
        <TranskribusMetadata docId="764523" pageId="28719256" pageNr="330" tsid="63342653" status="NEW" userId="74363" imgUrl="https://files.transkribus.eu/Get?id=USMFMKVZCISUCXKFLSFOMCIM&amp;fileType=view" xmlUrl="https://files.transkribus.eu/Get?id=EUKAGDGHSCJYUWXXPTNHEZXG" imageId="22439761"/>
    </Metadata>
    <Page imageFilename="Hauptmann1853-0339.jpg" imageWidth="1444" imageHeight="2597" type="content">
        <ReadingOrder>
            <OrderedGroup id="ro_1630597194607" caption="Regions reading order">
                <RegionRefIndexed index="0" regionRef="TextRegion_1612902736575_3548"/>
                <RegionRefIndexed index="1" regionRef="TextRegion_1612902736575_3547"/>
                <RegionRefIndexed index="2" regionRef="TextRegion_1612902731758_3543"/>
                <RegionRefIndexed index="4" regionRef="TextRegion_1612902718610_3535"/>
            </OrderedGroup>
        </ReadingOrder>
        <TextRegion orientation="0.0" type="page-number" id="TextRegion_1612902736575_3548" custom="readingOrder {index:0;} structure {type:page-number;}">
            <Coords points="227,250 1289,250 1289,307 227,307"/>
            <TextLine id="r1l1" custom="readingOrder {index:0;}">
                <Coords points="708,281 718,281 720,284 753,284 762,288 768,283 776,286 786,277 793,277 794,243 710,244"/>
                <Baseline points="715,276 751,278 787,278"/>
                <TextEquiv>
                    <Unicode>320</Unicode>
                </TextEquiv>
            </TextLine>
            <TextEquiv>
                <Unicode>320</Unicode>
            </TextEquiv>
        </TextRegion>
        <TextRegion orientation="0.0" type="paragraph" id="TextRegion_1612902736575_3547" custom="readingOrder {index:1;}">
            <Coords points="227,307 1289,307 1289,703 227,703"/>
            <TextLine id="r1l2" custom="readingOrder {index:0;}">
                <Coords points="220,378 1279,379 1287,344 220,348"/>
                <Baseline points="227,372 279,371 332,370 385,370 437,369 490,369 543,369 595,369 648,369 701,369 754,369 806,369 859,370 912,370 964,370 1017,370 1070,370 1122,370 1175,370 1228,370 1281,370"/>
                <TextEquiv>
                    <Unicode>zes und Halbes architectonisch-symmetrisch, d. i. zu einer</Unicode>
                </TextEquiv>
            </TextLine>
            <TextLine id="r1l3" custom="readingOrder {index:1;}">
                <Coords points="229,436 1285,435 1271,387 465,412 229,388"/>
                <Baseline points="236,422 288,422 340,422 392,422 444,422 496,422 548,422 601,422 653,422 705,422 757,422 809,422 861,422 913,422 966,423 1018,423 1070,423 1122,423 1174,423 1226,424 1279,424"/>
                <TextEquiv>
                    <Unicode>Seite Ganzes, zu anderer Seite Halbes setzen; der sich nach</Unicode>
                </TextEquiv>
            </TextLine>
            <TextLine id="r1l4" custom="readingOrder {index:2;}">
                <Coords points="220,483 1279,483 1279,452 220,454"/>
                <Baseline points="227,475 279,475 331,475 383,475 436,475 488,475 540,475 593,475 645,475 697,475 750,475 802,475 854,475 906,475 959,475 1011,475 1063,475 1116,475 1168,475 1220,475 1273,475"/>
                <TextEquiv>
                    <Unicode>der einen oder anderen, oder nach der einen und anderen</Unicode>
                </TextEquiv>
            </TextLine>
            <TextLine id="r1l5" custom="readingOrder {index:3;}">
                <Coords points="228,538 1283,531 1235,491 228,499"/>
                <Baseline points="234,529 286,528 338,528 390,528 442,528 494,528 546,528 598,528 650,528 702,528 755,528 807,528 859,528 911,528 963,528 1015,528 1067,528 1119,527 1171,527 1223,526 1276,525"/>
                <TextEquiv>
                    <Unicode>Seite wird auflösen wollen in symmetrische Gleichheit. Da¬</Unicode>
                </TextEquiv>
            </TextLine>
            <TextLine id="r1l6" custom="readingOrder {index:4;}">
                <Coords points="228,603 1282,579 1282,556 1068,547 228,555"/>
                <Baseline points="235,581 287,580 339,580 391,580 443,579 495,579 547,579 599,579 651,579 703,579 755,580 807,580 859,580 911,580 963,580 1015,580 1067,580 1119,580 1171,579 1223,579 1276,578"/>
                <TextEquiv>
                    <Unicode>gegen wird es einer architectonischen Disposition ganz an¬</Unicode>
                </TextEquiv>
            </TextLine>
            <TextLine id="r1l7" custom="readingOrder {index:5;}">
                <Coords points="230,651 1237,644 1281,611 230,612"/>
                <Baseline points="236,633 287,633 339,633 391,633 443,633 495,633 547,633 599,633 651,633 703,633 755,633 806,633 858,634 910,634 962,633 1014,633 1066,633 1118,633 1170,632 1222,632 1274,631"/>
                <TextEquiv>
                    <Unicode>gemessen sein, wenn in der Verticaldimension dieses Ver¬</Unicode>
                </TextEquiv>
            </TextLine>
            <TextLine id="r1l8" custom="readingOrder {index:6;}">
                <Coords points="220,699 939,699 918,651 220,653"/>
                <Baseline points="227,688 262,687 297,686 332,686 368,686 403,685 438,685 473,685 509,685 544,685 579,685 614,685 650,685 685,686 720,686 755,686 791,686 826,686 861,686 896,686 932,686"/>
                <TextEquiv>
                    <Unicode>hältniss von 2:4 oder 1:2 hervortritt.</Unicode>
                </TextEquiv>
            </TextLine>
            <TextEquiv>
                <Unicode>zes und Halbes architectonisch-symmetrisch, d. i. zu einer&#13;
Seite Ganzes, zu anderer Seite Halbes setzen; der sich nach&#13;
der einen oder anderen, oder nach der einen und anderen&#13;
Seite wird auflösen wollen in symmetrische Gleichheit. Da¬&#13;
gegen wird es einer architectonischen Disposition ganz an¬&#13;
gemessen sein, wenn in der Verticaldimension dieses Ver¬&#13;
hältniss von 2:4 oder 1:2 hervortritt.</Unicode>
            </TextEquiv>
        </TextRegion>
        <TextRegion orientation="0.0" id="TextRegion_1612902731758_3543" custom="readingOrder {index:2;} structure {type:paragraph-continued;}">
            <Coords points="227,703 1289,703 1289,1649 227,1649"/>
            <TextLine id="r1l9" custom="readingOrder {index:0;}">
                <Coords points="313,747 1287,747 1288,711 313,709"/>
                <Baseline points="319,737 367,737 415,737 463,737 511,737 559,737 607,738 655,738 703,738 751,738 800,738 848,738 896,738 944,738 992,738 1040,738 1088,738 1136,738 1184,738 1232,738 1281,738"/>
                <TextEquiv>
                    <Unicode>117. Wie nun im Raumbegriffe das Gleiche sich auch</Unicode>
                </TextEquiv>
            </TextLine>
            <TextLine id="r1l10" custom="readingOrder {index:1;}">
                <Coords points="231,811 1183,811 1283,803 1283,762 231,766"/>
                <Baseline points="238,793 292,792 347,791 402,791 456,791 511,791 566,790 620,790 675,790 730,790 784,791 839,791 894,791 948,791 1003,791 1058,791 1112,791 1167,791 1222,791 1277,791"/>
                <TextEquiv>
                    <Unicode>gleichzeitig, horizontal-symmetrisch, setzt, das Ungleiche</Unicode>
                </TextEquiv>
            </TextLine>
            <TextLine id="r1l11" custom="readingOrder {index:2;}">
                <Coords points="230,859 476,834 656,860 1280,850 1280,819 1209,812 231,818"/>
                <Baseline points="237,845 288,844 340,843 392,843 444,843 496,843 548,843 599,843 651,843 703,844 755,844 807,844 859,845 911,845 962,845 1014,845 1066,845 1118,845 1170,845 1222,844 1274,844"/>
                <TextEquiv>
                    <Unicode>nacheinander, vertical, zu - oder abnehmend in seinen</Unicode>
                </TextEquiv>
            </TextLine>
            <TextLine id="r1l12" custom="readingOrder {index:3;}">
                <Coords points="230,907 1283,907 1283,873 1238,860 1188,887 1039,859 231,867"/>
                <Baseline points="237,893 291,894 346,894 401,895 455,895 510,896 565,896 619,896 674,897 729,897 783,897 838,897 893,897 947,897 1002,897 1057,897 1111,897 1166,897 1221,897 1276,897"/>
                <TextEquiv>
                    <Unicode>Verhältnissen hervorgeht, die Verticalbestimmung aber</Unicode>
                </TextEquiv>
            </TextLine>
            <TextLine id="r1l13" custom="readingOrder {index:4;}">
                <Coords points="232,963 1277,955 1238,915 232,917"/>
                <Baseline points="239,949 290,949 342,949 393,949 445,949 496,949 548,949 599,949 651,949 702,950 754,950 806,950 857,950 909,950 960,950 1012,950 1063,950 1115,949 1166,949 1218,948 1270,947"/>
                <TextEquiv>
                    <Unicode>doch erst in und mit der Horizontalbestimmung zur Wirk¬</Unicode>
                </TextEquiv>
            </TextLine>
            <TextLine id="r1l14" custom="readingOrder {index:5;}">
                <Coords points="222,1008 1289,1011 1289,978 1215,972 222,974"/>
                <Baseline points="229,1001 281,1001 334,1001 386,1002 439,1002 492,1002 544,1002 597,1002 650,1003 702,1003 755,1003 808,1003 860,1004 913,1004 966,1004 1018,1004 1071,1003 1124,1003 1176,1003 1229,1002 1282,1002"/>
                <TextEquiv>
                    <Unicode>lichkeit werden, d. h. das Aufsteigen doch nur an etwas</Unicode>
                </TextEquiv>
            </TextLine>
            <TextLine id="r1l15" custom="readingOrder {index:6;}">
                <Coords points="234,1067 1286,1075 1286,1027 1190,1019 234,1019"/>
                <Baseline points="240,1055 292,1055 344,1054 396,1054 448,1054 500,1054 552,1054 604,1054 656,1054 708,1054 760,1055 812,1055 864,1055 916,1055 968,1055 1020,1056 1072,1056 1124,1056 1176,1056 1228,1056 1280,1056"/>
                <TextEquiv>
                    <Unicode>Aufsteigendem wirklich und wahrnehmbar werden kann;</Unicode>
                </TextEquiv>
            </TextLine>
            <TextLine id="line_1612902828110_3610" custom="readingOrder {index:7;} textStyle {offset:41; length:3;italic:true; fontSize:0.0; kerning:0;}">
                <Coords points="233,1115 1092,1132 1283,1090 233,1094"/>
                <Baseline points="240,1104 266,1101 294,1106 343,1106 392,1106 441,1106 490,1107 539,1107 588,1107 637,1107 686,1108 735,1108 785,1108 834,1108 883,1108 932,1108 981,1108 1030,1108 1079,1108 1128,1108 1177,1107 1226,1107 1276,1106"/>
                <TextEquiv>
                    <Unicode>— wie ferner im Klangbegriffe die Quint, C—G, als Inter¬</Unicode>
                </TextEquiv>
            </TextLine>
            <TextLine id="r1l18" custom="readingOrder {index:8;}">
                <Coords points="235,1171 1288,1171 1255,1124 235,1138"/>
                <Baseline points="241,1161 293,1160 345,1160 397,1160 449,1160 501,1160 553,1160 605,1160 657,1160 709,1160 761,1161 813,1161 865,1161 917,1161 969,1161 1021,1161 1073,1161 1125,1161 1177,1161 1229,1161 1282,1160"/>
                <TextEquiv>
                    <Unicode>vall ein gleichzeitiges, also räumliches ist; die Quint der</Unicode>
                </TextEquiv>
            </TextLine>
            <TextLine id="r1l19" custom="readingOrder {index:9;} textStyle {offset:18; length:4;italic:true; fontSize:0.0; kerning:0;}">
                <Coords points="237,1227 1284,1235 1284,1188 1216,1180 653,1204 237,1179"/>
                <Baseline points="244,1213 295,1213 347,1212 399,1212 450,1212 502,1212 554,1212 605,1212 657,1213 709,1213 761,1213 812,1213 864,1214 916,1214 967,1214 1019,1214 1071,1214 1122,1214 1174,1214 1226,1214 1278,1213"/>
                <TextEquiv>
                    <Unicode>Quint, die Secund C..D, aber nur eine Folgebeziehung</Unicode>
                </TextEquiv>
            </TextLine>
            <TextLine id="r1l20" custom="readingOrder {index:10;}">
                <Coords points="225,1277 1290,1275 1290,1244 1234,1227 1197,1255 887,1232 852,1258 225,1235"/>
                <Baseline points="231,1265 283,1265 336,1265 388,1265 441,1265 494,1265 546,1265 599,1266 651,1266 704,1266 757,1266 809,1267 862,1267 914,1267 967,1267 1020,1267 1072,1267 1125,1266 1177,1266 1230,1266 1283,1265"/>
                <TextEquiv>
                    <Unicode>hat, also zeitliches Intervall ist, das als zeitliches aber</Unicode>
                </TextEquiv>
            </TextLine>
            <TextLine id="r1l21" custom="readingOrder {index:11;} textStyle {offset:37; length:1;italic:true; fontSize:0.0; kerning:0;}">
                <Coords points="230,1327 1283,1330 1283,1291 1223,1283 230,1290"/>
                <Baseline points="236,1315 288,1316 340,1316 392,1316 444,1317 496,1317 548,1318 600,1318 652,1318 704,1318 756,1319 808,1319 860,1319 912,1319 964,1319 1016,1319 1068,1319 1120,1319 1172,1318 1224,1318 1276,1318"/>
                <TextEquiv>
                    <Unicode>wieder eben nur in einem Bleibenden (G) den Grund seiner</Unicode>
                </TextEquiv>
            </TextLine>
            <TextLine id="line_1612902837279_3623" custom="readingOrder {index:12;}">
                <Coords points="239,1378 1281,1387 1281,1348 1245,1340 239,1341"/>
                <Baseline points="245,1367 271,1367 297,1368 324,1369 350,1369 376,1370 403,1370 429,1370 456,1371 482,1371 508,1371 535,1371 561,1370 587,1369 614,1369 640,1367 667,1366 696,1369 724,1370 753,1371 782,1371 811,1372 840,1372 869,1372 898,1372 927,1372 956,1372 985,1372 1013,1372 1042,1371 1071,1371 1100,1371 1129,1371 1158,1371 1187,1372 1216,1372 1245,1372 1274,1373"/>
                <TextEquiv>
                    <Unicode>Verständlichkeit hat; — so wird das metrisch-Ungleiche,</Unicode>
                </TextEquiv>
            </TextLine>
            <TextLine id="r1l24" custom="readingOrder {index:13;}">
                <Coords points="235,1435 1205,1436 1285,1402 235,1394"/>
                <Baseline points="242,1424 293,1423 345,1423 397,1423 449,1423 501,1423 552,1423 604,1423 656,1424 708,1424 760,1425 811,1425 863,1425 915,1426 967,1426 1019,1426 1070,1425 1122,1425 1174,1424 1226,1423 1278,1422"/>
                <TextEquiv>
                    <Unicode>das wir dem räumlich-Aufsteigenden und dem melodisch-</Unicode>
                </TextEquiv>
            </TextLine>
            <TextLine id="r1l25" custom="readingOrder {index:14;}">
                <Coords points="235,1491 1291,1483 1291,1451 1188,1443 760,1467 235,1445"/>
                <Baseline points="241,1474 293,1475 345,1475 397,1475 449,1476 502,1476 554,1476 606,1477 658,1477 710,1477 763,1477 815,1478 867,1478 919,1478 971,1478 1024,1478 1076,1478 1128,1477 1180,1477 1232,1477 1285,1476"/>
                <TextEquiv>
                    <Unicode>Fortschreitenden vergleichen, eben auch nur auf metrischer</Unicode>
                </TextEquiv>
            </TextLine>
            <TextLine id="r1l26" custom="readingOrder {index:15;}">
                <Coords points="228,1539 1277,1532 1277,1506 1187,1491 228,1501"/>
                <Baseline points="235,1529 286,1529 338,1529 390,1529 442,1529 493,1529 545,1529 597,1529 649,1530 700,1530 752,1530 804,1530 856,1530 907,1530 959,1530 1011,1530 1063,1530 1114,1530 1166,1529 1218,1529 1270,1529"/>
                <TextEquiv>
                    <Unicode>Basis, nur innerhalb der metrisch-gleichzeitigen Einheits¬</Unicode>
                </TextEquiv>
            </TextLine>
            <TextLine id="r1l27" custom="readingOrder {index:16;}">
                <Coords points="232,1595 1296,1593 1271,1548 1064,1547 1038,1574 232,1549"/>
                <Baseline points="239,1581 291,1581 344,1581 396,1581 449,1581 501,1582 554,1582 606,1582 659,1583 711,1583 764,1583 816,1583 869,1583 921,1584 974,1584 1026,1583 1079,1583 1131,1583 1184,1582 1236,1582 1289,1581"/>
                <TextEquiv>
                    <Unicode>form zu wirklichem Dasein kommen können. So gehört die</Unicode>
                </TextEquiv>
            </TextLine>
            <TextLine id="r1l28" custom="readingOrder {index:17;}">
                <Coords points="234,1644 261,1642 285,1659 302,1643 457,1636 512,1652 529,1641 569,1643 569,1610 234,1611"/>
                <Baseline points="240,1633 266,1634 293,1635 320,1635 347,1635 374,1634 401,1634 427,1633 454,1633 481,1633 508,1633 535,1634 562,1635"/>
                <TextEquiv>
                    <Unicode>rhythmische Figur:</Unicode>
                </TextEquiv>
            </TextLine>
            <TextEquiv>
                <Unicode>117. Wie nun im Raumbegriffe das Gleiche sich auch&#13;
gleichzeitig, horizontal-symmetrisch, setzt, das Ungleiche&#13;
nacheinander, vertical, zu - oder abnehmend in seinen&#13;
Verhältnissen hervorgeht, die Verticalbestimmung aber&#13;
doch erst in und mit der Horizontalbestimmung zur Wirk¬&#13;
lichkeit werden, d. h. das Aufsteigen doch nur an etwas&#13;
Aufsteigendem wirklich und wahrnehmbar werden kann;&#13;
— wie ferner im Klangbegriffe die Quint, C—G, als Inter¬&#13;
vall ein gleichzeitiges, also räumliches ist; die Quint der&#13;
Quint, die Secund C..D, aber nur eine Folgebeziehung&#13;
hat, also zeitliches Intervall ist, das als zeitliches aber&#13;
wieder eben nur in einem Bleibenden (G) den Grund seiner&#13;
Verständlichkeit hat; — so wird das metrisch-Ungleiche,&#13;
das wir dem räumlich-Aufsteigenden und dem melodisch-&#13;
Fortschreitenden vergleichen, eben auch nur auf metrischer&#13;
Basis, nur innerhalb der metrisch-gleichzeitigen Einheits¬&#13;
form zu wirklichem Dasein kommen können. So gehört die&#13;
rhythmische Figur:</Unicode>
            </TextEquiv>
        </TextRegion>
        <MusicRegion id="Music_1612902761030_3554" custom="readingOrder {index:3;} structure {type:floating;}">
            <Coords points="227,1649 1289,1649 1289,1749 227,1749"/>
        </MusicRegion>
        <TextRegion orientation="0.0" id="TextRegion_1612902718610_3535" custom="readingOrder {index:4;} structure {type:paragraph-continued;}">
            <Coords points="227,1749 1289,1749 1289,2026 227,2026"/>
            <TextLine id="line_1612902850468_3642" custom="readingOrder {index:0;} textStyle {offset:4; length:8;fontSize:0.0; kerning:0; letterSpaced:true;}">
                <Coords points="232,1803 1291,1803 1254,1757 1118,1783 232,1766"/>
                <Baseline points="238,1796 263,1795 289,1795 314,1795 340,1794 366,1794 391,1794 417,1794 443,1794 468,1794 494,1794 520,1794 545,1794 571,1795 597,1795 622,1795 648,1795 674,1796 703,1796 732,1796 761,1796 790,1796 819,1796 848,1796 877,1796 906,1796 935,1796 964,1796 993,1796 1022,1796 1051,1795 1080,1795 1109,1795 1138,1795 1167,1795 1196,1795 1225,1795 1254,1795 1284,1795"/>
                <TextEquiv>
                    <Unicode>der zeitlich-zeitlichen Einheitsbestimmung an, nicht der</Unicode>
                </TextEquiv>
            </TextLine>
            <TextLine id="line_1612902862146_3653" custom="readingOrder {index:1;} textStyle {offset:0; length:8;fontSize:0.0; kerning:0; letterSpaced:true;} textStyle {offset:46; length:8;fontSize:0.0; kerning:0; letterSpaced:true;}">
                <Coords points="229,1856 1163,1868 1277,1858 1277,1819 229,1827"/>
                <Baseline points="235,1848 261,1847 287,1847 314,1847 340,1847 367,1847 393,1847 420,1847 446,1847 473,1847 499,1847 526,1847 552,1848 579,1848 605,1849 632,1849 704,1848 732,1849 760,1849 789,1849 817,1850 845,1850 874,1850 902,1850 930,1850 959,1850 987,1849 1015,1849 1044,1849 1072,1849 1100,1849 1129,1848 1157,1848 1185,1848 1214,1848 1242,1847 1271,1847"/>
                <TextEquiv>
                    <Unicode>räumlich-zeitlichen; — diese letztere ist das Doppelte,</Unicode>
                </TextEquiv>
            </TextLine>
            <TextLine id="line_1612902868406_3658" custom="readingOrder {index:2;} textStyle {offset:9; length:8;fontSize:0.0; kerning:0; letterSpaced:true;} textStyle {offset:41; length:9;fontSize:0.0; kerning:0; letterSpaced:true;}">
                <Coords points="237,1923 1288,1906 1288,1873 1213,1868 622,1892 237,1868"/>
                <Baseline points="243,1900 268,1900 294,1900 319,1900 345,1900 371,1900 396,1900 422,1900 448,1901 473,1901 499,1901 525,1901 550,1902 576,1902 602,1903 699,1900 728,1901 757,1902 786,1902 815,1903 844,1903 873,1903 902,1903 931,1903 960,1903 990,1902 1019,1902 1048,1902 1077,1902 1106,1902 1135,1901 1164,1901 1193,1901 1222,1901 1251,1901 1281,1901"/>
                <TextEquiv>
                    <Unicode>jene das Einfache, — sie gehört also dem Einfachen</Unicode>
                </TextEquiv>
            </TextLine>
            <TextLine id="line_1612902873470_3663" custom="readingOrder {index:3;} textStyle {offset:0; length:12;fontSize:0.0; kerning:0; letterSpaced:true;}">
                <Coords points="224,1960 1283,1958 1247,1916 225,1932"/>
                <Baseline points="231,1955 256,1955 282,1953 308,1953 334,1952 360,1952 386,1952 412,1952 438,1952 464,1952 489,1953 515,1953 541,1953 567,1953 593,1953 619,1954 645,1954 671,1954 697,1953 712,1953 740,1954 768,1954 796,1955 825,1955 853,1955 881,1956 909,1956 938,1956 966,1955 994,1955 1022,1955 1051,1955 1079,1955 1107,1954 1135,1954 1164,1954 1192,1954 1220,1953 1248,1953 1277,1953"/>
                <TextEquiv>
                    <Unicode>im Doppelten an, dem Theile im Ganzen, und kann da¬</Unicode>
                </TextEquiv>
            </TextLine>
            <TextLine id="r1l38" custom="readingOrder {index:4;}">
                <Coords points="229,2016 911,2027 911,1980 836,1971 229,1971"/>
                <Baseline points="236,2006 269,2006 302,2006 336,2006 369,2006 403,2006 436,2006 470,2006 503,2006 537,2006 570,2007 603,2007 637,2007 670,2007 704,2007 737,2007 771,2008 804,2008 838,2008 871,2009 905,2010"/>
                <TextEquiv>
                    <Unicode>her metrisch nur in der Wiederholung</Unicode>
                </TextEquiv>
            </TextLine>
            <TextEquiv>
                <Unicode>der zeitlich-zeitlichen Einheitsbestimmung an, nicht der&#13;
räumlich-zeitlichen; — diese letztere ist das Doppelte,&#13;
jene das Einfache, — sie gehört also dem Einfachen&#13;
im Doppelten an, dem Theile im Ganzen, und kann da¬&#13;
her metrisch nur in der Wiederholung</Unicode>
            </TextEquiv>
        </TextRegion>
        <MusicRegion id="Music_1612902780859_3562" custom="readingOrder {index:5;} structure {type:floating;}">
            <Coords points="227,2026 1289,2026 1289,2154 227,2154"/>
        </MusicRegion>
    </Page>
</PcGts>
