1444 2597
714 219 802 268 366
312 317 1288 363 189. Wie die metrischen Formen in der musikalischen
235 364 1282 418 Anwendung nicht mit mechanischer Strenge ausgeübt werden,
229 419 1297 467 indem sie durch harmonische und melodische, sowie durch
229 475 1300 515 die Bedingungen eines belebten Vortrages fortwährend kleine
233 524 1290 571 Abweichungen von der mathematisch genauen Bestimmt¬
233 580 1289 620 heit erleiden, die doch immer nicht als Tactlosigkeit er¬
234 628 1286 675 scheinen; so ist das Sprachmetrum in den relativen Quan¬
235 684 1286 731 titäten seiner Glieder noch weit mehr den Bedingungen des
233 737 1288 779 erfüllenden Wortinhaltes, den logischen wie den phoneti¬
235 787 1297 836 schen zu Modificationen hingegeben. Die ungleichzeitigen
231 844 1295 884 Füsse, der Trochäus, der Jambus, werden mit klangvoller
229 900 1295 938 oder mit logisch bedeutender Sylbe in ihrer Kürze oft in
231 948 1297 994 fast gleichzeitige übergehen; der trochäische Daktylus wird
234 996 1297 1043 durch Sylbeninhalt und Betonung die Form des spondeïschen
230 1052 1289 1099 oder auch die tribrachische, die Form der gleichzeitig-drei¬
234 1107 1292 1163 gliedrigen Theilung annehmen können; sonach als Trochäus
231 1155 763 1212 mit metrisch getheilter Länge
224 1339 1140 1395 ja selbst als Trochäus mit metrisch getheilter Kürze
227 1531 1293 1576 erscheinen können, ohne nach rhythmisch-metrischer Be¬
231 1588 1290 1635 stimmung die daktylische Bedeutung aufzugeben. In glei¬
237 1637 1286 1683 cher Weise wird auch die jambisch-anapästische Form sich
230 1692 1291 1738 der Beschaffenheit des Wortinhaltes nachgiebig und man¬
228 1739 766 1788 nigfach modificirbar erweisen.
323 1795 1285 1843 190. Nicht zu verwechseln ist mit diesen durch
230 1844 1289 1891 den besonderen Wortinhalt entstehenden rhythmischen
224 1899 1293 1947 Modificationen, der an sich nur gleichzeitig fortgehende
225 1955 1295 1995 Rhythmus, wie ihn die nicht-quantitirte, die nur allein
225 2013 1291 2051 accentuirte metrische Bildung entstehen lässt. Hier ist der
226 2059 1285 2116 Unterschied von Länge und Kürze eben gar nicht vorhan¬
227 2099 1287 2157 den; der Wechsel besteht nur in der Folge betonter und
