1444 2597
721 278 802 321 178
317 868 1283 916 265. Die Folgen A. 2) und B. 2) würden nun, in glei¬
232 927 1276 963 cher Weise weiter fortgesetzt, nach den beiden Dominant¬
229 983 1289 1019 seiten in die jedesmal nächstverwandten Tonarten leiten: die
232 1028 1287 1075 erste, welche den tonischen Dreiklang in der Unterdomi¬
232 1083 1287 1130 nantbedeutung ergreift, nach der Oberdominantseite; die
233 1140 1279 1179 andere, welche ihn als Oberdominant setzt, nach der Un¬
233 1179 541 1221 terdominantseite.
315 1236 1290 1283 266. Wir haben aber zwei Arten der Modulation nach
237 1291 1285 1331 entfernteren Tonarten zu unterscheiden: die eine, welche
229 1340 1286 1386 von einer Tonart zu der anderen fortgeht, den Sitz der
234 1402 1285 1443 ersten gänzlich verlassend und sich in der Region der an¬
227 1443 1276 1484 deren festsetzend; die andere, welche die Tonart inner¬
228 1491 1142 1539 halb ihrer Grenzen zu einer anderen umwandelt.
315 1548 1285 1604 267. Wenn wir auf die oben angegebene Weise in
223 1608 1287 1650 eine Tonart des dritten Verwandtschaftsgrades, aus C-Dur
231 1652 1287 1699 nach A- oder Es-Dur moduliren, so sind wir eben in der
224 1708 620 1756 Dreiklangsverkettung:
225 1988 1298 2027 nach der einen oder anderen Richtung zu der neuen Tonart
226 2035 1287 2083 fortgeschritten; der Zusammenhang mit der Tonart des
221 2092 1285 2139 Ausganges besteht hier nur in der ununterbrochenen Folge
