1444 2597
664 219 739 264 97
240 316 1219 371 Zu b) ist nur eine Art der Auflösung möglich: die,
163 364 1216 459 dass $$GRAPHIC die Bedeutung der I aufgebe; indem für die Be¬
168 461 1222 506 deutung II schon die im Zusammenklange enthaltene Terz
167 515 1227 570 (III) spricht, welche selbst nicht melodisch fortschreiten
173 564 1226 612 kann, ohne gegen den mittleren Ton in ein dissonantes
162 619 1227 668 Verhältniss zu gerathen. Die Auflösung zu a) wird sonach
165 676 266 716 sein:
169 915 547 972 die Auflösung zu b)
255 1068 1228 1164 147. Die erste Form $$GRAPHIC ergibt den sogenannten
166 1163 1232 1209 Quart-Quint-Accord, in welchem die Quart als Vorhalt der
174 1219 1233 1259 Terz enthalten ist. (Auflösung α) Der Grund, weshalb die
176 1267 1234 1315 Auflösung β, in welcher die Quint als Vorhalt der Sext
166 1323 1236 1378 betrachtet werden müsste, nicht zu normaler Geltung
175 1371 889 1419 kommt, ist schon früher (125) erwähnt.
255 1436 1222 1531 Die zweite Form $$GRAPHIC ergibt den Vorhalt vor
173 1532 1223 1571 dem Grundtone: die Septime als Vorhalt der Sext im
175 1580 1224 1627 Terz-Sext-Accorde. Ein Vorhalt vor der Quint wird als Dis¬
178 1635 1221 1682 sonanz erst beim Septimenaccorde vorhanden sein können;
169 1683 1227 1738 im Dreiklange ist er als Sext weder gegen den Grundton,
172 1739 1234 1787 noch gegen die Terz dissonant: die Sext zu Grundton und
176 1794 1236 1843 Terz bildet nur einen versetzten Dreiklang, zu welchem
173 1852 1231 1891 sie selbst Grundton, die Terz Quint und der Grundton
172 1899 1237 1941 Terz ist. Beim Septimenaccorde aber ist der Sextvorhalt
178 1962 1100 2003 eben wieder ein Quartvorhalt im oberen Dreiklange.
261 2003 1237 2047 148. Die Dissonanz des Septimenaccordes ist all¬
181 2060 810 2115 gemein auszudrücken in der Form:
