1444 2597
702 278 746 316 70
199 369 1250 411 primäre Form eines unverbundenen Dreiklanges zur Folge
199 423 1249 463 haben kann; und wenn nie zwei Dreiklänge in primärer
199 476 1250 516 Form unmittelbar nach einander folgen können, was eben
208 529 1238 568 dem Begriffe der Folge widersprechen würde, son¬
208 583 1244 622 dern aus einem primären Accorde allezeit nur ein secun¬
203 635 1250 675 därer, aus einem secundären ein primärer oder anderer
199 688 1240 727 secundärer hervorgeht, so ist in der vermittelten Fort¬
200 740 1248 782 schreitung nicht allein die Aufeinanderfolge zweier paralle¬
199 795 1244 833 len Quinten unmöglich, sondern auch die Folge sogenannter
200 847 1256 885 verdeckter Quinten, die Fortschreitung, da zwei Stimmen
208 900 1248 938 sich in gleicher Richtung nach der Quint bewegen, kann in
208 951 1246 991 einer streng vermittelten Accordverbindung nicht vor¬
200 1007 352 1044 kommen.
288 1055 1251 1097 99. — Für den Meister im harmonischen Satze bedarf
209 1111 1250 1150 es nicht des Quintverbotes, das dem in der Harmonie noch
207 1163 1242 1202 unklaren Anfänger und dem Dilettanten so grosse Noth ver¬
203 1216 1254 1256 ursacht und ihnen die schönsten Erfindungen so oft zu
213 1267 1256 1308 Wasser werden lässt: im richtigen Gefühle für das Wesen
203 1321 1250 1362 der Folge schliesst die Quintparallele sich schon von selbst
206 1374 1248 1414 aus. Bei einer Quintparallele, wie sehr sie auch verdeckt
205 1425 1248 1466 werde, wird immer die Bedeutung durchklingen, dass ein
203 1479 1244 1520 zweiter Dreiklang gegen einen ersten, der als Anfang steht,
210 1532 1254 1572 sich wieder als Anfang will geltend machen; was als ein
209 1586 1248 1624 Accordegoismus, die Einheit des Satzes aufhebt. Man ver¬
210 1638 1253 1678 bietet Quinten und Octaven in zwei Stimmen unmittelbar
203 1692 1248 1731 nacheinander zu setzen; mit gleichem Rechte, denn Beides
210 1744 1249 1783 ist von übler Wirkung. Die Ursache der üblen Wirkung ist
212 1797 1252 1836 aber in beiden Fällen nicht dieselbe: in der Quintfolge
208 1848 1248 1890 vermissen wir die Einheit der Harmonie, in der Octav¬
210 1901 1244 1943 folge Verschiedenheit der Melodie. Daher die Octavver¬
210 1955 1252 1995 dopplung zwischen Stimmen die nicht auf Verschiedenheit
209 2010 1247 2048 Anspruch machen, immer ganz zulässig sein wird; nie aber
206 2062 1255 2102 eine parallele Quintfortschreitung, da eine unverbundene
204 2115 1252 2155 Harmonie setzen zu wollen, nicht in künstlerisch-vernünftiger
