1444 2597
730 226 817 268 156
233 316 1295 363 ausser diesem im Begriffe der Tonart bestehenden Vorkom¬
236 372 1302 419 men auf zweierlei Weise auch durch Uebergang entstehen
233 427 1300 467 können. Die erste ist, wenn die Quint des Durdreiklanges
244 476 1307 522 sich chromatisch erhöhet, — z. B. Es-g-B..es-G-h, — was hier
243 531 1305 579 einen Uebergang aus dem Gebiete der Es-Durtonart in das
239 579 1301 634 der verwandten C-Molltonart bezeichnen wird; die zweite,
236 636 1302 683 wenn der Grundton des Molldreiklanges sich chromatisch
242 691 1304 746 vertieft, — z. B. E-g-H..es-G-h, — was hier einen Uebergang
242 740 1294 788 aus dem Gebiete der E-Molltonart in das der verwand¬
240 796 1298 843 ten G-Durtonart mit weicher Unterdominant aussprechen
238 843 1296 889 würde. Dass mit einer solchen chromatischen Fortschreit¬
234 899 1303 946 ung eine entschiedene Modulation in die andere Tonart noch
237 962 1300 1002 nicht bewirkt ist, wird man leicht empfinden können; es
235 1004 1297 1052 ist aber momentan eine Anregung derselben in dem über¬
242 1059 1309 1106 mässigen Dreiklange geschehen, denn dieser enthält eben
240 1107 621 1170 den Zweiheitsbegriff:
232 1323 1298 1365 aus welchem die Molltonart, sowie die Durtonart mit wei¬
242 1379 1076 1419 cher Unterdominantterz nur hervorgehen kann.
324 1427 1299 1475 237. An dem übermässigen Dreiklange nehmen als
231 1486 731 1535 Septimenharmonieen Theil:
281 1532 1303 1579 I. a) Der Septimenaccord auf dem Grundtone der Moll¬
392 1588 793 1636 tonart, in A-Moll z. B.
330 1708 1293 1748 b) derselbe als Septimenaccord auf dem Unterdomi¬
385 1756 1301 1803 nantgrundtone der Moll-Durtonart; der eben be¬
384 1812 916 1859 zeichnete z. B. in der Tonart:
227 1956 1305 2001 Und zwar wird sein Vorkommen in der letzteren sich
228 2004 1297 2067 leichter vermitteln können, indem hier die gegen A dissoni¬
231 2068 1305 2108 rende Septime gis sich nach Fis auflösen kann, zwar immer
