1444 2597
656 235 735 283 363
156 332 1216 386 nanz, als Vocalanlaut, und die Alliteration, der Stabreim,
169 380 1226 435 als Consonantanlaut, wie er in kunstreichster Anwendung
165 427 837 484 in der nordischen Poesie zu finden ist.
253 492 1220 532 186. Wir möchten aber dem quantitirten Verse mehr
162 553 1221 595 eine plastische, dem modernen accentuirten und gereim¬
164 602 1216 651 ten eine mehr musikalische Natur zusprechen; in jenem
160 644 1211 699 mehr das Princip der Form, in diesem mehr das Princip
163 700 1223 746 der Farbe wiederfinden. Wie die accentuirte Strophe den
157 756 1225 794 Reim ungern entbehrt, so würde er der quantitirten nur
163 811 1219 851 eine ganz ungehörige, eine widrige Beigabe sein. Die antike
161 860 1221 909 Strophe mit gereimten Endungen dürfte einer colorirten
160 907 625 953 Statue verglichen werden.
245 964 1215 1011 Der quantitirte Vers vergleicht sich dann auch dem
165 1013 1203 1059 musikalisch polyphonischen, der accentuirte dem homo¬
160 1081 1208 1123 phonischen Satze. Wie der quantitirte Vers das Zusam¬
156 1130 1219 1168 mentreffen der logischen Cäsur mit der metrischen zu
161 1180 1214 1219 vermeiden sucht, so verwebt auch der polyphonische Satz
159 1227 1219 1275 seine metrische Form und überdeckt die Cäsur der einen
159 1275 1214 1328 Stimme durch den Fortgang einer anderen; während der
160 1331 1205 1379 homophonische Satz seine Stimmen in metrischem Ein¬
162 1387 1217 1436 klange hält, und das accentuirte Metrum, namentlich bei
157 1436 1213 1482 dem für den Gesang bestimmten Verse, die lyrische Cäsur
157 1482 1037 1539 nicht zu umgehen, sie vielmehr aufzusuchen hat.
247 1540 1221 1588 Historisch sehen wir bei den Griechen quantitirte
153 1596 1220 1643 Poesie und homophonische Musik, bei den alten Italienern
163 1659 1217 1698 accentuirte Poesie und polyphonische Musik beisammen
152 1700 1219 1747 bestehen. In unserer Zeit ist homophonische Musik und ac¬
160 1755 1222 1804 centuirte Poesie naturwüchsiger; polyphonische Musik und
155 1804 1079 1863 quantitirte Poesie gehören mehr der Kunstpflege an.
248 1857 1219 1907 187. Wo aber in der Vereinigung von Poesie und
159 1907 1217 1958 Musik die letztere zu voller Geltung kommen soll, da wird
163 1963 1215 2012 die Poesie ihr allezeit nur accentuirt verbunden sein kön¬
156 2027 1216 2066 nen; denn sie wird lyrische Cäsur haben müssen. Die
150 2074 1212 2123 neueren Versuche, antike Poesie in Musik zu setzen, haben
157 2124 1217 2170 immer nur zum Nachtheile der Poesie ausfallen können.
