1444 2597
714 219 773 264 92
288 308 1260 364 138. Wenn im Vorhergehenden (131) gesagt wurde,
207 364 1267 410 dass im Septimenaccorde die beiden dissonirenden Töne
210 426 1269 460 noch der Vermittlung ermangeln, so ist damit eben der
210 467 1262 515 Mangel jenes gegensätzlichen Verhältnisses gemeint, wie
211 524 1262 572 es im Vorhaltsaccorde, und im Septimenaccorde nach Ein¬
212 571 1270 619 tritt des vermittelnden Tones an diesem selbst in der an
203 628 1259 683 ihm gleichzeitig gesetzten Grundtons- und Quintbedeutung
208 683 1263 721 vorhanden ist. Eine andere Beziehung als die des entschie¬
213 732 1264 779 denen Gegensatzes findet sich zwischen den dissonirenden
205 787 1264 835 Tönen des Septimenaccordes auch schon im Accorde selbst
204 836 1256 883 vor. Nicht die, dass ein Ton zu Grundton und Quint zu¬
203 884 1258 947 gleich bestimmt sei, aber dass er zu Grundton und Terz,
208 948 1266 1003 oder Quint und Terz bestimmt ist. Diese Bestimmung ist
213 994 1264 1051 in den beiden Tönen des mittleren Intervalles in Bezug auf
209 1052 1261 1099 die äusseren dissonirenden schon enthalten. In dem oben
205 1107 1265 1155 zum Beispiel gewählten Septimenaccorde e-G-h-D, steht G
207 1155 1268 1211 zu e, wie zu D in einem consonanten Verhältnisse, zu jedem
216 1212 1256 1260 von beiden Tönen aber in verschiedener Accordbedeutung.
213 1259 1254 1314 Eben so verhält sich h zu e sowohl wie zu D consonirend,
205 1317 1264 1363 ist aber eben wieder zu beiden verschieden bestimmt. G ist
210 1371 1258 1412 Terz des Dreiklanges e-G-h und Grundton des Dreiklanges
205 1421 1255 1475 G-h-D, es muss aber Quint des Dreiklanges C-e-G werden,
213 1475 1265 1522 wenn in Bezug auf diesen Ton eine Auflösung geschehen
204 1530 1265 1572 soll; denn die Dissonanz e-G—D kann sich nur in e-G-C
212 1580 1263 1627 lösen. Dagegen ist h Terz des Dreiklanges G-h-D und Quint
205 1636 1259 1675 des Dreiklanges e-G-h, muss aber Grundton des vermin¬
214 1684 1266 1732 derten Dreiklanges h-D|F werden, wenn an ihm die Auf¬
209 1739 1260 1787 lösung bestimmt werden soll, denn es würde e—h-D wieder
210 1796 967 1852 nur in F-h-D zur Lösung gelangen können.
296 1844 1263 1891 139. Wir sehen, dass hier, wenn das dissonante In¬
201 1900 1264 1947 tervall auf den einen oder den anderen der im Accorde
206 1948 1252 1994 enthaltenen mittleren Töne bezogen wird, die Doppelbe¬
205 2012 1261 2051 stimmung eben auch zweifach vorhanden ist; denn es ist
202 2061 1265 2102 der untere Ton des mittleren Intervalles Terz des unteren
