<?xml version="1.0" encoding="UTF-8" standalone="yes"?>
<PcGts xmlns="http://schema.primaresearch.org/PAGE/gts/pagecontent/2013-07-15" xmlns:xsi="http://www.w3.org/2001/XMLSchema-instance" xsi:schemaLocation="http://schema.primaresearch.org/PAGE/gts/pagecontent/2013-07-15 http://schema.primaresearch.org/PAGE/gts/pagecontent/2013-07-15/pagecontent.xsd">
    <Metadata>
        <Creator>prov=University of Rostock/Institute of Mathematics/CITlab|PLANET AI GmbH/Gundram Leifert/gundram.leifert@planet-ai.de:name=ONB_Newseye_GT_M1+(htr_id=10810)::::v=2.6.7
prov=University of Rostock/Institute of Mathematics/CITlab|PLANET AI GmbH/Tobias Gruening/tobias.gruening@planet-ai.de:name=de.uros.citlab.module.baseline2polygon.B2PSeamMultiOriented:v=2.6.7
prov=University of Rostock/Institute of Mathematics/CITlab|PLANET AI GmbH/Tobias Gruening/tobias.gruening@planet-ai.de:name=/net_tf/LA73_249_0mod360.pb:de.uros.citlab.segmentation.CITlab_LA_ML:v=2.6.6
Transkribus</Creator>
        <Created>2021-02-02T15:22:38.696+01:00</Created>
        <LastChange>2021-03-20T14:05:10.347+01:00</LastChange>
        <TranskribusMetadata docId="598856" pageId="23846850" pageNr="244" tsid="53998025" status="DONE" userId="74363" imgUrl="https://files.transkribus.eu/Get?id=SEMEUOXWYUGHINBTWASDQAFA&amp;fileType=view" xmlUrl="https://files.transkribus.eu/Get?id=OMPWAUTZHJGBEAQEEYYQDIPE" imageId="18303316"/>
    </Metadata>
    <Page imageFilename="Hauptmann1853-0253.jpg" imageWidth="1444" imageHeight="2597" type="content">
        <ReadingOrder>
            <OrderedGroup id="ro_1624196719387" caption="Regions reading order">
                <RegionRefIndexed index="0" regionRef="TextRegion_1612645918695_9302"/>
                <RegionRefIndexed index="1" regionRef="TextRegion_1612645918695_9301"/>
                <RegionRefIndexed index="2" regionRef="TextRegion_1612645916876_9297"/>
                <RegionRefIndexed index="4" regionRef="TextRegion_1612645909134_9289"/>
            </OrderedGroup>
        </ReadingOrder>
        <TextRegion orientation="0.0" type="page-number" id="TextRegion_1612645918695_9302" custom="readingOrder {index:0;} structure {type:page-number;}">
            <Coords points="203,248 1266,248 1266,304 203,304"/>
            <TextLine id="r1l1" custom="readingOrder {index:0;}">
                <Coords points="685,282 758,283 770,271 777,272 777,248 765,248 761,244 729,243 696,243 685,246"/>
                <Baseline points="691,275 717,276 743,275 770,276"/>
                <TextEquiv>
                    <Unicode>234</Unicode>
                </TextEquiv>
            </TextLine>
            <TextEquiv>
                <Unicode>234</Unicode>
            </TextEquiv>
        </TextRegion>
        <TextRegion orientation="0.0" type="paragraph" id="TextRegion_1612645918695_9301" custom="readingOrder {index:1;} structure {type:paragraph;}">
            <Coords points="203,304 1266,304 1266,494 203,494"/>
            <TextLine id="line_1612646005792_9341" custom="readingOrder {index:0;}">
                <Coords points="202,379 1254,370 1172,332 202,343"/>
                <Baseline points="209,370 235,369 261,369 288,369 314,369 341,369 367,368 393,368 420,369 446,369 473,369 499,369 525,369 552,369 578,369 605,369 631,369 658,369 708,369 735,369 762,368 789,368 816,368 843,368 870,368 897,368 924,368 951,368 978,368 1005,368 1032,368 1059,369 1086,369 1113,369 1140,369 1167,369 1194,369 1221,369 1248,369"/>
                <TextEquiv>
                    <Unicode>stoss des neuen Anhebens, das sie bei jedem Wechsel an¬</Unicode>
                </TextEquiv>
            </TextLine>
            <TextLine id="r1l4" custom="readingOrder {index:1;}">
                <Coords points="200,434 1260,426 1223,388 200,395"/>
                <Baseline points="207,421 259,420 311,420 364,420 416,419 468,419 521,420 573,420 625,420 678,420 730,421 782,421 835,421 887,422 939,422 992,422 1044,422 1096,421 1149,421 1201,421 1254,420"/>
                <TextEquiv>
                    <Unicode>statt des stetigen Fortganges entstehen lässt, rhythmisch-</Unicode>
                </TextEquiv>
            </TextLine>
            <TextLine id="r1l5" custom="readingOrder {index:2;}">
                <Coords points="201,482 304,493 329,482 642,482 643,456 542,443 482,454 463,440 446,452 304,452 263,436 201,450"/>
                <Baseline points="208,473 233,473 258,474 283,474 308,474 333,474 359,475 384,475 409,475 434,475 459,475 484,475 510,475 535,475 560,475 585,475 610,475 636,475"/>
                <TextEquiv>
                    <Unicode>widrig empfinden lassen.</Unicode>
                </TextEquiv>
            </TextLine>
            <TextEquiv>
                <Unicode>stoss des neuen Anhebens, das sie bei jedem Wechsel an¬&#13;
statt des stetigen Fortganges entstehen lässt, rhythmisch-&#13;
widrig empfinden lassen.</Unicode>
            </TextEquiv>
        </TextRegion>
        <TextRegion orientation="0.0" id="TextRegion_1612645916876_9297" custom="readingOrder {index:2;} structure {type:paragraph-continued;}">
            <Coords points="203,494 1266,494 1266,1348 203,1348"/>
            <TextLine id="r1l6" custom="readingOrder {index:0;}">
                <Coords points="292,540 1104,547 1260,538 1261,495 292,495"/>
                <Baseline points="298,527 345,527 393,527 441,527 489,528 537,528 584,528 632,528 680,528 728,528 776,528 823,528 871,528 919,528 967,528 1015,528 1062,528 1110,528 1158,528 1206,528 1254,528"/>
                <TextEquiv>
                    <Unicode>23. Wie aber Etwas an sich irreguläres, regulär sich</Unicode>
                </TextEquiv>
            </TextLine>
            <TextLine id="r1l7" custom="readingOrder {index:1;}">
                <Coords points="197,593 1256,588 1256,556 1174,548 197,556"/>
                <Baseline points="204,576 256,578 308,579 360,580 413,580 465,581 517,581 570,581 622,581 674,581 727,581 779,581 831,581 883,581 936,580 988,580 1040,580 1093,580 1145,580 1197,581 1250,581"/>
                <TextEquiv>
                    <Unicode>entgegengesetzt, auch ein symmetrisch-reguläres Ganze</Unicode>
                </TextEquiv>
            </TextLine>
            <TextLine id="r1l8" custom="readingOrder {index:2;}">
                <Coords points="197,639 1259,635 1230,602 1127,596 197,611"/>
                <Baseline points="204,634 256,634 308,634 361,634 413,634 466,634 518,634 570,634 623,634 675,634 728,634 780,634 832,634 885,634 937,634 990,634 1042,634 1094,633 1147,633 1199,633 1252,632"/>
                <TextEquiv>
                    <Unicode>wird bilden können, — wie wir es an den kaleidoscopi¬</Unicode>
                </TextEquiv>
            </TextLine>
            <TextLine id="r1l9" custom="readingOrder {index:3;}">
                <Coords points="197,698 1255,691 1231,660 1070,652 197,665"/>
                <Baseline points="204,686 256,686 308,686 360,686 412,687 465,687 517,687 569,687 621,688 673,688 726,688 778,688 830,689 882,689 934,688 987,688 1039,688 1091,687 1143,687 1195,686 1248,685"/>
                <TextEquiv>
                    <Unicode>schen Figuren sehen, die ein ganz zufälliges Zusammen¬</Unicode>
                </TextEquiv>
            </TextLine>
            <TextLine id="r1l10" custom="readingOrder {index:4;}">
                <Coords points="203,755 1249,744 1230,716 1095,708 203,708"/>
                <Baseline points="210,739 261,739 313,739 364,740 416,740 468,740 519,740 571,740 623,740 674,740 726,740 778,740 829,740 881,740 933,740 984,740 1036,740 1088,740 1139,739 1191,739 1243,739"/>
                <TextEquiv>
                    <Unicode>treten der verschiedenartigsten Gegenstände in einer cen¬</Unicode>
                </TextEquiv>
            </TextLine>
            <TextLine id="r1l11" custom="readingOrder {index:5;}">
                <Coords points="203,803 1256,802 1256,772 1175,756 203,764"/>
                <Baseline points="209,792 261,792 313,792 365,793 417,793 469,793 521,794 573,794 625,794 677,794 729,794 781,794 833,794 885,794 937,794 989,794 1041,794 1093,793 1145,793 1197,793 1250,792"/>
                <TextEquiv>
                    <Unicode>tralsymmetrischen Wiederholung als regelmässigen Stern</Unicode>
                </TextEquiv>
            </TextLine>
            <TextLine id="line_1612646017923_9366" custom="readingOrder {index:6;}">
                <Coords points="205,859 1244,864 1244,819 1154,811 205,820"/>
                <Baseline points="211,845 236,846 261,846 286,846 311,845 336,844 361,842 387,841 416,845 457,846 498,847 539,847 580,847 621,848 662,848 703,848 744,848 785,848 826,848 867,847 908,847 949,847 990,847 1031,847 1072,847 1113,847 1154,847 1195,847 1237,848"/>
                <TextEquiv>
                    <Unicode>zeigen, — so werden auch solche metrische Formationen,</Unicode>
                </TextEquiv>
            </TextLine>
            <TextLine id="r1l14" custom="readingOrder {index:7;}">
                <Coords points="208,905 854,924 1254,899 1214,867 208,876"/>
                <Baseline points="215,897 266,897 318,898 369,898 421,899 473,899 524,899 576,900 628,900 679,900 731,900 783,900 834,900 886,900 938,900 989,900 1041,900 1093,900 1144,899 1196,899 1248,898"/>
                <TextEquiv>
                    <Unicode>wie die fünf- und siebentheiligen, einen Grad von Zu¬</Unicode>
                </TextEquiv>
            </TextLine>
            <TextLine id="r1l15" custom="readingOrder {index:8;}">
                <Coords points="200,964 1259,954 1198,915 868,944 200,916"/>
                <Baseline points="206,952 258,952 310,952 362,952 415,953 467,953 519,953 572,953 624,953 676,954 729,954 781,954 833,954 885,954 938,954 990,954 1042,953 1095,953 1147,953 1199,952 1252,952"/>
                <TextEquiv>
                    <Unicode>lässigkeit erlangen, wenn sie in eine metrische For¬</Unicode>
                </TextEquiv>
            </TextLine>
            <TextLine id="r1l16" custom="readingOrder {index:9;}">
                <Coords points="205,1019 1264,1016 1245,971 1175,996 205,978"/>
                <Baseline points="212,1007 264,1007 316,1007 368,1007 421,1007 473,1007 525,1007 577,1008 630,1008 682,1008 734,1008 786,1007 839,1007 891,1007 943,1007 995,1007 1048,1007 1100,1007 1152,1007 1204,1007 1257,1007"/>
                <TextEquiv>
                    <Unicode>mation höherer Ordnung als Glied aufgenommen, sich</Unicode>
                </TextEquiv>
            </TextLine>
            <TextLine id="r1l17" custom="readingOrder {index:10;}">
                <Coords points="196,1067 1267,1063 1239,1028 196,1037"/>
                <Baseline points="203,1057 255,1058 308,1058 361,1059 414,1059 467,1060 520,1060 572,1060 625,1060 678,1060 731,1060 784,1060 837,1060 890,1060 942,1060 995,1060 1048,1060 1101,1060 1154,1060 1207,1060 1260,1060"/>
                <TextEquiv>
                    <Unicode>selbst wiederholen, d. h. die Evolution von ihnen, als</Unicode>
                </TextEquiv>
            </TextLine>
            <TextLine id="r1l18" custom="readingOrder {index:11;}">
                <Coords points="203,1123 1245,1123 1263,1083 203,1088"/>
                <Baseline points="209,1111 261,1112 313,1112 366,1113 418,1114 471,1114 523,1114 575,1114 628,1114 680,1114 733,1114 785,1114 837,1114 890,1114 942,1114 995,1113 1047,1113 1099,1113 1152,1113 1204,1113 1257,1113"/>
                <TextEquiv>
                    <Unicode>einer gegebenen Qualität, ausgehend geschieht. Sie lassen</Unicode>
                </TextEquiv>
            </TextLine>
            <TextLine id="r1l19" custom="readingOrder {index:12;}">
                <Coords points="197,1176 1061,1187 1256,1178 1272,1139 197,1144"/>
                <Baseline points="204,1166 257,1166 310,1167 363,1167 416,1167 469,1167 522,1167 575,1167 628,1167 681,1167 735,1167 788,1168 841,1167 894,1167 947,1167 1000,1167 1053,1167 1106,1166 1159,1166 1212,1166 1266,1165"/>
                <TextEquiv>
                    <Unicode>aber auch in dieser Anwendung das Einheitsgefühl nicht</Unicode>
                </TextEquiv>
            </TextLine>
            <TextLine id="r1l20" custom="readingOrder {index:13;}">
                <Coords points="196,1226 1254,1217 1125,1187 196,1196"/>
                <Baseline points="203,1217 255,1218 307,1218 359,1219 412,1219 464,1220 516,1220 568,1220 621,1220 673,1220 725,1220 777,1220 830,1220 882,1220 934,1220 986,1220 1039,1219 1091,1219 1143,1218 1195,1218 1248,1218"/>
                <TextEquiv>
                    <Unicode>zur Befriedigung kommen; weniger noch wird dies ge¬</Unicode>
                </TextEquiv>
            </TextLine>
            <TextLine id="r1l21" custom="readingOrder {index:14;}">
                <Coords points="201,1283 1267,1275 1238,1235 201,1249"/>
                <Baseline points="208,1271 260,1271 313,1271 365,1272 418,1272 471,1272 523,1273 576,1273 628,1273 681,1273 734,1274 786,1274 839,1274 891,1274 944,1274 997,1274 1049,1273 1102,1273 1154,1273 1207,1272 1260,1271"/>
                <TextEquiv>
                    <Unicode>schehen, wenn das Zwei- oder Viertheilige dem Dreithei¬</Unicode>
                </TextEquiv>
            </TextLine>
            <TextLine id="r1l22" custom="readingOrder {index:15;}">
                <Coords points="201,1340 245,1348 263,1332 280,1340 296,1332 328,1340 457,1333 496,1345 496,1300 464,1292 381,1301 201,1292"/>
                <Baseline points="207,1325 232,1326 258,1326 283,1326 309,1326 335,1326 360,1326 386,1326 412,1326 437,1326 463,1326 489,1326"/>
                <TextEquiv>
                    <Unicode>ligen voransteht,</Unicode>
                </TextEquiv>
            </TextLine>
            <TextEquiv>
                <Unicode>23. Wie aber Etwas an sich irreguläres, regulär sich&#13;
entgegengesetzt, auch ein symmetrisch-reguläres Ganze&#13;
wird bilden können, — wie wir es an den kaleidoscopi¬&#13;
schen Figuren sehen, die ein ganz zufälliges Zusammen¬&#13;
treten der verschiedenartigsten Gegenstände in einer cen¬&#13;
tralsymmetrischen Wiederholung als regelmässigen Stern&#13;
zeigen, — so werden auch solche metrische Formationen,&#13;
wie die fünf- und siebentheiligen, einen Grad von Zu¬&#13;
lässigkeit erlangen, wenn sie in eine metrische For¬&#13;
mation höherer Ordnung als Glied aufgenommen, sich&#13;
selbst wiederholen, d. h. die Evolution von ihnen, als&#13;
einer gegebenen Qualität, ausgehend geschieht. Sie lassen&#13;
aber auch in dieser Anwendung das Einheitsgefühl nicht&#13;
zur Befriedigung kommen; weniger noch wird dies ge¬&#13;
schehen, wenn das Zwei- oder Viertheilige dem Dreithei¬&#13;
ligen voransteht,</Unicode>
            </TextEquiv>
        </TextRegion>
        <GraphicRegion id="Graphic_1612645968114_9316" custom="readingOrder {index:3;} structure {type:floating;}">
            <Coords points="203,1348 1266,1348 1266,1718 203,1718"/>
        </GraphicRegion>
        <TextRegion orientation="0.0" type="paragraph" id="TextRegion_1612645909134_9289" custom="readingOrder {index:4;} structure {type:paragraph;}">
            <Coords points="203,1718 1266,1718 1266,1784 203,1784"/>
            <TextLine id="r1l35" custom="readingOrder {index:0;}">
                <Coords points="201,1771 683,1771 683,1741 657,1732 201,1735"/>
                <Baseline points="207,1764 233,1764 259,1764 285,1765 311,1765 337,1765 363,1765 389,1765 415,1765 442,1764 468,1764 494,1764 520,1764 546,1764 572,1764 598,1764 624,1764 650,1764 677,1764"/>
                <TextEquiv>
                    <Unicode>als wenn es ihm nachfolgt.</Unicode>
                </TextEquiv>
            </TextLine>
            <TextEquiv>
                <Unicode>als wenn es ihm nachfolgt.</Unicode>
            </TextEquiv>
        </TextRegion>
        <GraphicRegion id="Graphic_1612645952250_9309" custom="readingOrder {index:5;} structure {type:floating;}">
            <Coords points="203,1784 1266,1784 1266,2235 203,2235"/>
        </GraphicRegion>
    </Page>
</PcGts>
