1444 2597
686 219 770 267 373
190 318 1243 363 metrisches Gehabtwerden in ihnen findet. Ein Accord kann
185 379 1253 411 nicht gleichzeitig ein harmonisch-positives und relatives
187 420 1250 467 Moment sein: der Dreiklang C-e-G kann nicht zugleich
191 475 1243 514 tonischer und Dominantaccord sein; er kann aber als toni¬
188 523 1245 579 scher metrisch-positive oder relative Stellung erhalten;
189 580 1246 627 sowie ein metrisch-positives Moment, das nicht zugleich ein
186 628 1252 675 relatives sein kann, harmonisch-Positives oder Relatives
182 684 771 731 zum Inhalte wird haben können.
270 740 1250 778 6. So ist die Folge consonanter Harmonie an sich noch
185 800 1244 843 ohne Bestimmung für die metrische Stellung ihrer Folge¬
197 847 1248 898 glieder. Dieselbe consonante Accordreihe kann metrisch
195 899 1245 940 verschiedenste Gestalt annehmen und wird dadurch auch
181 947 1237 993 ihrer inneren Bedeutung nach aufs Mannigfaltigste verschie¬
181 1011 1250 1051 den sein können. Denn wie schon die Aufeinanderfolge der
183 1051 1248 1097 Dreiklänge C-e-G...G-h-D, nachdem sie metrisch-positive
188 1107 732 1163 oder negative Ordnung erhält:
188 1324 1244 1361 nachdem sie also ihr metrisch-positives, accentuirtes Mo¬
191 1372 1232 1418 ment entweder auf dem tonischen oder auf dem Dominant¬
185 1435 1245 1482 accorde findet, im ersten Falle dem Durbegriffe, im zweiten
189 1475 1238 1524 dem Mollbegriffe, dem Begriffe der Selbständigkeit oder
183 1531 1236 1571 dem der Abhängigkeit Ausdruck verleihet, bei gleicher Har¬
185 1580 1242 1626 monie also Entgegengesetztes ausspricht; — so wird eine
186 1635 1244 1683 fernere Dreiklangsfortsetzung in weiterer metrischer For¬
182 1698 1242 1732 mation, in drei- und vierzeitigem und in combinirtem
190 1732 1239 1786 Metrum, zu grösster Verschiedenheit harmonisch-metrischer
179 1796 656 1851 Bedeutung führen können.
271 1843 1238 1891 7. Wie der Dreiklang selbst, so wird auch dessen
190 1900 1246 1947 erste Versetzung, der Sextaccord, eine Bestimmung für die
187 1956 1239 1995 metrische Stellung nicht an sich haben. Unter den Drei¬
187 2004 1249 2051 klangsformen ist es nur der Quartsextaccord, der, wie sein
189 2053 1244 2100 Auftreten an sich schon harmonisch mehrfacher Bedingniss
