1444 2597
653 219 730 268 267
153 312 1220 363 Letztere beginnt mit dem Relativen (Gestern), und macht
154 364 1057 427 ihr Positives (Heut) wieder zu Relativem (Gestern).
240 419 1213 467 In beiden Bestimmungen ist kein Widerspruch ent¬
153 476 1216 523 halten; in beiden ist das mittlere Moment nach einer von
152 532 1222 572 beiden Seiten ein Positives, ein Heut zu einem Morgen
156 579 416 628 oder Gestern.
237 636 811 691 In der negativ-positiven Folge:
149 907 983 954 ist es ein Heut zu einem Morgen und Gestern.
236 963 1227 1019 In jedem dieser drei Fälle ist die Umdeutung des
146 1011 924 1059 mittleren Momentes eine folgeverständliche.
233 1067 479 1114 In der Form:
149 1337 1219 1388 würde aber das mittlere Moment aus einem Zukünftigen
153 1393 1213 1428 unmittelbar Vergangenes werden müssen. — Das kann
157 1444 1216 1490 es nicht, ohne im Uebergange ein Gegenwärtiges
155 1491 1210 1546 geworden zu sein, — wie es der tonische Dreiklang im
152 1539 1210 1587 Tonartsysteme wird, wenn er aus der Oberdominantbe¬
157 1595 1213 1643 deutung, die er zu dem Unterdominantdreiklange hat, in
160 1653 1211 1699 die Unterdominantbedeutung übergehen will, die er zu
152 1707 1207 1747 dem Oberdominantdreiklange erhält. Diese metrisch folge¬
158 1756 1214 1802 widrige die Vermittlung überschlagende Umwandlung ist
155 1812 1203 1868 die Unwahrheit, und daher, in diesem directen Sinne,
155 1861 1209 1915 auch die Unmöglichkeit dieser rhythmischen Form;
149 1916 1211 1971 wie sie auch harmonisch, auf die Dreiklangsverbindung
153 1971 1212 2011 bezogen, sich unwahr zeigt, wenn wir die Quint eines
144 2020 1209 2076 Durdreiklanges als Grundton eines Molldreiklanges setzen,
149 2076 1163 2123 d. h. die positive Quint zu negativer umwandeln wollen:
