1444 2597
649 219 728 268 123
158 315 1220 363 Die erste ist am Grundtone, die zweite an der Quint des
164 365 1213 411 tonischen Dreiklanges bestimmt; indem jener dort aus der
161 419 1224 465 Grundtonsbedeutung in die Quintbedeutung, diese hier aus
156 468 1182 515 der Quintbedeutung in die Grundtonsbedeutung übergeht.
249 524 1222 571 183. Die melodische Fortschreitung in diesen Folgen
160 583 1221 634 geschieht aber so, dass e nach F und D, G nach a, C nach
157 627 362 683 h übergeht.
245 819 1222 866 184. Wenn die Bewegung sich nach beiden Seiten mit
159 883 1217 931 gleicher Energie wendet, so wird in dem Uebergange der
165 924 879 971 tonische Dreiklang selbst ganz aufgelöst:
236 1131 807 1178 Es geht C-e-G über in h-D-F-a.
251 1187 1212 1227 185. Strebt sie überwiegend nach der Unterdomi¬
165 1249 1221 1291 nantseite, so wird aus dem tonischen Dreiklange der
157 1291 1209 1335 Grundton, als Quint des Unterdominantdreiklanges, un¬
159 1342 1209 1388 bewegt bleiben; er wird Septime des entstehenden Sep¬
162 1395 430 1443 timenaccordes:
246 1588 802 1635 Es geht C-e-G in C-D-F-a über.
249 1643 1211 1684 186. Ist die Hinneigung überwiegend nach der Ober¬
162 1699 1212 1737 dominantseite gerichtet, so wird aus dem tonischen Drei¬
159 1747 1215 1795 klange die Quint, als Grundton des Oberdominantdrei¬
160 1796 1222 1842 klanges, ihre Stelle behalten; sie wird Grundton des
162 1858 741 1899 entstehenden Septimenaccordes:
232 2060 816 2114 Es geht C-e-G über in h-D-F-G.
