1444 2597
660 226 738 267 359
170 316 1232 364 net; sie enden mit dem ersten Gliede des Fusses und lassen
164 372 549 419 das zweite unerfüllt:
166 564 1219 603 die beiden Hälften des Verses erscheinen dadurch als ge¬
172 612 1152 659 trennte; es fehlt ihnen der verbindende Zusammenhalt.
258 668 1233 723 Man unterscheidet in der Sprachmetrik überhaupt ka¬
173 716 1230 763 talektische und akatalektische Metra: Verse oder
173 771 1226 819 Verstheile, die am Ende ihres Metrums ein rhythmisches
173 826 1228 867 Glied oder selbst einen Fuss unerfüllt lassen, und solche
161 875 693 932 die ihr Maass ganz ausfüllen.
257 931 1196 972 Der Vers des antiken Drama z. B., der Trimeter:
170 1267 1232 1316 ist ein akatalektischer; seine drei jambischen Dipo¬
169 1317 779 1380 dieen sind vollkommen ausgefüllt.
248 1371 1222 1419 Der neuere dramatische Vers, das Metrum der soge¬
170 1428 714 1484 nannten fünffüssigen Jamben:
166 1843 1223 1889 ist katalektischer Art. Er ist auch ein jambisch-dipo¬
172 1900 1222 1954 discher Trimeter wie jener; lässt aber am Ende eine oder
167 1962 1231 2009 zwei Stellen, die der letzten jambischen Länge, oder des
168 2016 1219 2059 ganzen letzten Jamben leer, die nach musikalischem Tact¬
171 2059 1232 2107 begriffe vor Beginn des folgenden Verses zu pausiren sein
174 2113 1223 2171 würden. Diess könnte jedoch nur in solchem Falle gesche¬
