1444 2597
652 230 736 284 127
163 332 1219 379 Septime a, im Accorde h-D|F-a, und as, im Accorde
169 380 1229 428 h-D|F-as, aus der Natur dieser Dissonanzharmonieen und
156 435 1221 483 ihrer Entstehung sich nicht als zulässig, nur sondern
164 492 1219 541 vielmehr als Folgegemäss natürlich-gegebener erweisen;
163 540 1217 587 denn wie die beiden Dominantterzen, a und h, oder
167 580 1223 635 as und h melodisch nicht unmittelbar in einander über¬
162 656 1226 699 gehen können, so kann auch die Septime a oder as nicht
168 699 1228 747 absteigend aus h, sie muss demnach aufsteigend aus G
158 754 387 801 geleitet sein.
254 803 1219 851 Wir haben das Eigenthümliche dieser Accorde in dem
165 859 628 915 Folgenden zu besprechen.
247 964 1128 1011 II. Septimenaccord auf der Ober-Dominant-Terz.
456 1052 938 1098 a) In der Dur-Tonart.
246 1123 1218 1170 196. In dem Septimenaccorde h-D|F-a werden, wenn
162 1180 1229 1227 die Septime nicht vorbereitet ist, die Töne a und h nicht
165 1227 1220 1276 allein nicht in der Secundlage vorkommen dürfen, sondern
167 1283 1222 1331 es darf überhaupt kein Ton des Accordes über der Septime
170 1340 1223 1385 a liegen, wenn die Harmonie nicht von zweideutiger
168 1394 1219 1442 Wirkung sein soll. Im Secundintervalle liegt an sich,
166 1449 1205 1490 abgesehen von der Weise, wie die Töne zusammengetre¬
171 1500 1221 1539 ten sind, die Bedeutung einer harmonisch-fixirten melo¬
168 1548 1227 1595 dischen Fortschreitung. Nun wissen wir, dass a und h, als
168 1604 1231 1650 die Terzen der unverbundenen Dominantdreiklänge, nicht
169 1652 1228 1699 anders melodisch zu verbinden sind, als durch die Ver¬
166 1707 710 1756 mittlung der tonischen Terz e:
162 1914 1223 1971 Dieser Vermittlung ist aber durch den Zusammenklang D|F
169 1972 1221 2018 eben entschieden widersprochen, und so ist auch in dem
162 2030 1227 2067 Secundzusammenklange a-h, in Bezug auf die Harmonie
163 2075 1220 2123 h-D|F-a, ein Widerspruch enthalten, indem die Terznega¬
