1444 2597
708 211 791 259 346
212 308 1291 343 während der metrische Daktylus nur in der Spondeenreihe
213 355 558 403 seine Stelle findet:
298 515 1280 555 In letzterer ist alle Theilung von metrisch-gleichzeitiger
217 563 486 611 Beschaffenheit.
301 619 1277 666 163. Nun wird aber diese Bezeichnung, und zwar
217 667 1273 714 nicht blos in Betreff des Daktylus, sondern auch der ande¬
221 723 1279 770 ren Glieder, angewendet, wenn der trochäische Rhythmus
219 780 1270 826 dem Metrum eigen ist, wie z. B. in den sogenannten äoli¬
220 828 882 875 schen und logaödischen Versen.
300 883 831 931 Wir finden Reihen wie diese:
208 1011 581 1059 nur also bezeichnet:
224 1155 1276 1204 nämlich den ersten dem Daktylus vorangehenden Trochäen
216 1210 1277 1259 als Spondeen, seine Kürze als spondeïsche Länge; während
222 1260 1264 1307 die Kürze des dem Daktylus nachfolgenden Trochäen un¬
213 1315 1272 1351 verändert in ihrer Geltung bleibt: wonach, wenn das Me¬
222 1364 1277 1412 trum nach der Bezeichnung ausgeführt werden soll, die
213 1420 902 1467 unmetrische Bildung entstehen würde:
217 1628 1227 1671 Wenn aber jene Bezeichnung dennoch für den Rhythmus
216 1797 1271 1851 gelten soll, so entsteht die Frage, wie für den ersten Tro¬
219 1843 1272 1891 chäen ein Spondeus stehen dürfe, ein ungegliedertes Fuss¬
208 1899 798 1956 paar für einen gegliederten Fuss.
290 1950 1270 2002 Die Unzulässigkeit, das Eine für das Andere zu setzen,
205 2003 1274 2043 liegt vor Augen. Der erste mit zwei Längen bezeichnete
206 2055 1268 2105 Fuss kann, wenn der folgende ein trochäischer Daktylus ist,
