1444 2597
611 249 699 291 105
129 351 1181 388 wenn sie dem Gehöre sich rechtfertigt, aus einer anderen
124 395 1168 441 Verbindung zu erklären sein müssen, als der oben verzeich¬
124 445 1174 498 neten: $$GRAPHIC,
120 516 1182 562 denn diese enthält vom ersten zum letzten Accorde die
123 571 674 616 Quintfortschreitung C-G...D-a.
353 676 940 739 Folge von Septimenaccorden.
212 754 1177 811 155. In der zweiten Art der Septimenauflösung (138)
121 811 1177 860 ist das Motiv enthalten zu einer fortgesetzten Reihe verbun¬
128 866 1181 907 dener Septimenaccorde. Diese Auflösung geschieht durch
124 916 1181 963 die Vermittlung eines der beiden Töne des mittleren Ac¬
120 972 1182 1019 cordintervalles. Im Septimenaccorde e-G-h-D z. B. kann
116 1027 961 1083 die Dissonanz als Doppelbedeutung in G, als:
115 1291 390 1347 oder in h, als:
122 1540 1163 1595 gefunden werden, und die Auflösung wird im ersten Falle
114 1731 337 1779 im anderen
121 1933 1188 1979 sein. In jenem wird die Fortschreitung nach der Unter-, in
122 1988 1183 2035 diesem nach der Oberdominantseite führen; denn es ist im
121 2036 1187 2083 ersten die Terz des unteren Dreiklanges, im letzten die
114 2092 1187 2134 Terz des oberen der zur Auflösung bestimmende Ton. In¬
