1444 2597
660 228 739 275 353
164 324 1218 371 schliesst, dass sie damit den summarischen Inhalt des Me¬
167 380 1226 420 trums schon zweifelhaft darstellt; so erhalten wir auch
165 436 1220 483 überhaupt durch die blosse Aneinanderreihung metrischer
170 484 1222 537 Einzelheiten noch kein Bild der inneren Grundbedingung
171 531 1224 579 des Ganzen einer metrischen Gestaltung, die allezeit auch
169 588 1221 634 nicht eine zusammengesetzte, sondern eine von der metri¬
166 643 1221 683 schen Einheit auseinandergesetzte, eine Entfaltung des
161 691 1200 739 metrischen Begriffes ist, der dem Ganzen zu Grunde liegt.
254 748 1225 788 175. So wird der Hexameter z. B. uns schematisch
166 795 673 859 in dieser Gestalt vorgeführt:
252 956 1217 1011 Aus dieser Reihe können wir zuvörderst nicht ersehen,
166 1016 1212 1059 ob das Sechsfache ihrer Glieder in einem Zweimaldrei¬
161 1060 1216 1106 fachen oder in einem Dreimalzweifachen bestehet. Eben¬
165 1116 1225 1170 sowenig ist ersichtlich, ob die Theile der obersten Ordnung
162 1171 1217 1211 in positiver oder negativer Folge gesetzt sein wollen. Ferner
170 1220 1226 1266 werden auch in niederer Ordnung die Gliederpaare wieder
166 1276 1223 1328 positive oder negative, also zweifach verschiedene sein
164 1324 1215 1371 können, an sich und in ihrer Folge. Aus allen diesen ver¬
156 1380 1217 1427 schieden möglichen Bestimmungen kann, selbst wenn wir
167 1443 1217 1482 uns für die eine oder andere Annahme in Betreff der ober¬
167 1483 1213 1538 sten Ordnung, dass das Metrum ein zweimaldreifaches,
165 1540 1224 1587 oder dreimalzweifaches sei, entschieden haben, noch
161 1587 1212 1634 immer eine sechsfache Verschiedenheit der metrisch orga¬
158 1654 1225 1691 nischen Form hervorgehen: es kann eben jedes der sechs
172 1700 1027 1747 Glieder als das hauptsächlich betonte erscheinen.
254 1748 1224 1794 Wir dürfen Das, was hier nur metrisch zweifelhafte
163 1803 1218 1850 Mehrdeutigkeit ist, nicht verwechseln, oder auch nur in Zu¬
163 1860 1222 1899 sammenhang bringen mit Dem, was man die rhythmische
169 1908 1220 1955 Cäsur des Verses nennt, — die vom logischen Inhalte
161 1964 1215 2011 ihre Bestimmung erhält und bekanntlich beim Hexameter an
166 2012 1221 2059 sechszehn verschiedenen Stellen, nach jedem Einzelgliede
158 2068 1218 2114 des Daktylus nämlich, eintreten kann; — denn es ist hier
