1444 2597
656 194 729 241 181
251 283 1213 330 Bei den hierauf folgenden, um ein Quintintervall wei¬
172 339 1225 387 ter entfernten Tonarten wird auch diese nebensächliche
164 387 1224 434 Verwandtschaft erlöschen müssen, und es hört damit der
171 444 1230 497 gegenseitige Bezug solcher Tonarten, wenn man sie nur in
168 492 1224 539 dieser Reihe betrachtet, gänzlich auf. Die oben eingeleitete
169 547 1221 588 Uebergangsweise kann zwar zu den entferntesten Tonarten
171 595 1219 645 fortführen, allein wir sind schon bei der dritten in einem
178 652 1223 692 völlig fremden Gebiete, ausser allem inneren Zusammen¬
168 699 552 748 hange mit der ersten.
259 756 1223 802 271. Dieser Modulationsweise steht nun eben jene
171 811 1220 851 andere gegenüber, die nicht in dem Fortgange nach einer
168 860 1219 916 anderen Tonart durch die dazwischen liegenden besteht,
168 915 1225 955 sondern darin, dass sie das den beiden zu verbindenden
177 964 1220 1012 Tonarten Gemeinschaftliche, aus der Bedeutung, die es in
175 1013 1228 1059 der ersten hat, in die Bedeutung versetzt, die ihm in der
165 1068 1225 1116 anderen zukommt; so dass die neue Tonart aus der Mitte
166 1124 675 1164 der ersten selbst hervorgeht.
251 1172 1226 1219 272. Wenn wir die Tonartverwandtschaft hauptsäch¬
168 1220 1228 1267 lich am tonischen Dreiklange zu suchen haben, und wenn
169 1276 1232 1323 sie bei den Dominanttonarten darin besteht, dass der
168 1331 1237 1372 Grundton jenes Dreiklanges Quint, oder dessen Quint
177 1379 1229 1435 Grundton des neuen tonischen werden kann, so wird
175 1436 1218 1482 auch eine Verwandtschaft darin enthalten sein können,
165 1484 1229 1530 dass der Grundton oder die Quint des tonischen Drei¬
167 1539 1235 1580 klanges Terz, dessen Terz aber Grundton oder Quint
175 1595 1224 1636 eines neuen tonischen werde. Es treten dadurch wieder
171 1643 1227 1690 Verwandtschaftsmomente mit entfernteren Tonarten am toni¬
173 1692 1223 1739 schen Dreiklange hervor, die uns im Fortgange zu diesen
178 1754 1201 1788 schon bei der dritten verlassen hatten; denn wir erhalten
253 1804 1188 1851 1) den Grundton in die Terzbedeutung gesetzt:
