1444 2597
674 250 745 298 57
174 347 1232 387 dass das unvermittelte Nebeneinanderstehen der beiden
169 395 1227 443 Dominantterzen, wie es in der Octavleiter folgestörend
179 452 1219 500 vorhanden ist, im Hexachordsysteme nicht vorkommen
164 500 1226 546 und dem Sänger zu intoniren nicht zugemuthet werden
166 555 310 603 konnte.
256 611 1237 657 71. Durch die oben gezeigte Vermittlung, die mit
172 669 1231 707 den Molldreiklängen der Tonart geschieht, wird zwar eine
170 715 1227 764 Folge dieser Töne hergestellt; es ist aber nur eine Neben¬
177 771 1227 818 bedeutung, welche sie als Intervalle der Mollaccorde haben;
178 820 1222 873 ihre hauptsächliche, als Terzen der Dominantdreiklänge,
178 876 1228 923 werden sie hier immer um so mehr geltend machen, als die
169 932 1229 987 sechste in Folge der fünften schon in der Terzbedeutung
164 979 1223 1027 auftritt. Wenn man von hier aus eine Uebergangsbestim¬
173 1036 1229 1083 mung nach der Terz der Oberdominant im verminderten
173 1084 1226 1131 Dreiklange der siebenten Stufe suchen wollte, so ist nur
164 1145 1227 1188 daran zu erinnern, dass dieser eben selbst ein Accord der
170 1196 1225 1252 Zweiheit oder Trennung ist, dem der Dreiklangsname nicht
164 1243 1228 1289 in der Bedeutung einer concreten Einheit, sondern nur als
171 1301 1228 1347 einem Zusammenklange von drei Tönen zukommt. Eine
173 1355 1228 1403 wirkliche Verbindung für die Folge jener zwei Stufen ist
172 1409 875 1467 nur durch die Terz der Tonica gegeben.
259 1460 1226 1508 72. Die abwärts gehende Tonleiter ist durch dieselben
164 1515 1220 1555 Bedingungen der Folge bestimmt wie die aufsteigende, und
169 1564 1225 1610 enthält demnach dieselbe Tonreihe in umgekehrter Ord¬
169 1619 1229 1665 nung. Wenn wir bei der aufsteigenden Leiter die klanger¬
165 1674 1226 1715 höhende Kraft als das durch die harmonischen Momente zu
162 1723 1221 1771 Stufen bestimmte bewegende oder melodische Princip der
165 1779 1226 1827 Richtung setzen müssen, so ist es hier die herabziehende
173 1842 1229 1875 vertiefende Schwere, welche die melodische Reihe in
169 1884 873 1932 umgekehrter Richtung sich bilden lässt.
247 1940 1219 1995 73. Mit dem Ausdrucke melodisch, in der Bedeutung
162 1996 1225 2042 wie er hier gemeint ist, wird immer nur ein successives,
161 2043 1229 2091 auf- oder abwärts strebendes Fortbewegen des Klanges
168 2100 1218 2138 verstanden sein. Auch bei der melodischen Aufeinan¬
