1444 2597
668 227 736 269 89
168 317 1234 363 klanges werden. So wird z. B. das dissonirende Intervall
167 372 1223 418 D-e, auf das vermittelnde G bezogen, in den C-Durdrei¬
166 421 1225 482 klang führen und das auflösende C Grundtonsbedeutung
172 484 1215 523 erhalten; wird dieselbe Dissonanz D-e aber auf das ver¬
164 532 1213 578 mittelnde a bezogen, so führt die Auflösung in den a-Moll¬
172 579 1214 628 dreiklang und das auflösende C wird Terz. Zu der Quint¬
162 635 1220 690 bedeutung kann der abwärts auflösende Ton erst gelangen,
171 699 1216 748 wenn auch die andere dissonirende Stimme sich gleich¬
169 740 767 787 zeitig und zwar aufwärts bewegt.
485 852 900 907 2) Im Septimenaccorde.
254 947 1226 986 130. Bei der Dissonanz des Vorhaltes ist der disso¬
172 996 1229 1044 nirende Accord schon wesentlich für den zu setzen, wel¬
170 1052 1221 1099 cher nach der Auflösung erfolgt; nur dass er noch ein
174 1107 1229 1147 störendes, zu beseitigendes Moment enthält. Anders ist es
175 1155 1226 1203 beim Septimenaccorde. Dieser besteht in einer Drei¬
164 1212 1231 1254 klangszweiheit, die nicht durch das Fortbewegen einer
168 1266 994 1307 Stimme allein zur Consonanz übergehen kann.
258 1315 1218 1362 131. Im Septimenaccorde ist der Dissonanzvermit¬
174 1364 1228 1412 telnde Ton, wie er im Vorhaltsaccorde, durch die disso¬
172 1420 1226 1466 nirenden Töne gleichzeitig zu Grundton und Quint be¬
174 1475 1228 1531 stimmt, enthalten ist, noch gar nicht vorhanden, er wird
168 1524 507 1579 hier erst gefordert.
261 1580 1225 1627 132. Dieser vermittelnde Ton wird auch hier zu dem
176 1641 1226 1676 einen der dissonirenden Töne Grundton, zu dem anderen
177 1683 542 1732 Quint sein müssen.
259 1740 1221 1787 Er wird im Septimenaccorde für das mittlere zwei¬
176 1788 1232 1843 deutig bestimmte Terzintervall eintreten und die Auflösung
172 1851 1230 1891 wird sodann an ihm und durch ihn auf ebendieselbe Weise
173 1902 1218 1947 erfolgen, wie sie bei der Vorhaltsdissonanz geschieht.
166 1948 1233 1993 Denn es ist durch diese Dissonanzvermittlung, welche für
177 2000 1234 2059 das innere Terzintervall eingetreten, der Septimenaccord
172 2051 797 2099 eben ein Vorhaltsaccord geworden.
