1444 2597
702 228 792 275 128
204 324 1271 376 tion D|F das vermittelnde e aufhebt und die Vermittlung
216 380 1276 426 des melodisch nebeneinanderstehenden a und h unmöglich
214 442 1273 475 macht. Aber nicht das Secundverhältniss dieser beiden
220 483 1269 537 Töne allein, wie es in den Lagen D-F-a-h, F-a-h-D,
219 545 1263 579 a-h-D-F enthalten ist, lautet ungehörig, sondern über¬
217 588 1269 635 haupt jede Lage dieses Accordes, in welcher die Sep¬
211 644 1273 687 time nicht oberste Stimme ist: denn es würde dann das
212 698 1275 747 Intervall zwischen der Septime und dem über ihr liegenden
218 747 1264 795 Accordtone die dazwischen liegenden harmonisch-verbin¬
217 803 1276 843 dend voraussetzen; wie jede sogenannte zerstreute oder
213 859 1272 907 weite Harmonie für die Theorie nur eine unausgefüllte
213 907 1272 948 fortgesetzte enge sein kann. Das Intervall a—D wird sich
219 956 1270 1002 in a-h-D, das Intervall a—F in a-h-D-F verketten; woraus
212 1012 1275 1059 hervorgeht, dass, wenn die Secund a-h in diesem Accorde
210 1068 1272 1107 nicht zulässig ist, auch die Quart a—D und die Sext
218 1115 1267 1164 a—F es nicht sein kann. Wie also die oben verzeich¬
215 1180 1267 1218 neten Accordlagen, welche a-h als Secund enthalten, so
212 1219 1269 1264 werden, wenn auch in geringerem Grade, andere Combi¬
213 1276 1271 1323 nationen, in welchen die Septime a nicht höchste Stimme ist,
216 1323 1278 1371 wie h—F-a—D, h-D—a—F, im Sinne dieser Harmonie eine
219 1379 1278 1428 Unnatur empfinden lassen; und selbst da, wo eine solche
216 1435 1274 1475 Lage durch künstlerische Behandlung motivirt eingeführt
214 1483 1047 1531 ist, wird sie immer etwas auffälliges behalten.
296 1539 1270 1579 197. Die Intervallenlage unterhalb der Septime ist
213 1587 1277 1635 keinen beschränkenden Bedingungen unterworfen; es
215 1643 1273 1691 stellt sich nur die eine Forderung heraus, dass die
212 1696 1272 1747 Septime oberste Stimme sei. Gleich der Lage h-D-F-a,
215 1755 1263 1802 werden auch die in den tieferen Stimmen versetzten,
209 1805 1276 1843 D—h—F-a und F—h-D—a, wohllautend und anwendbar
213 1858 1268 1901 sein; wiewohl auch hier die Intervalle D—h und F—h die
217 1908 1273 1947 Unterdominantterz a einschliessen. Es führt dies auf eine
216 1955 1271 2003 nicht unbedeutende Wahrnehmung, diese nämlich: dass alle
214 2012 1274 2058 harmonische Gestaltung sich aus der Tiefe nach der Höhe
207 2060 1261 2114 bildet, auch in versetzten Accorden, die nicht den Grund¬
