1444 2597
733 236 814 278 382
244 324 1301 371 Zusammenklang den Widerspruch in dem dazwischenlie¬
245 379 834 435 genden Intervalle entstehen lässt.
332 435 1300 480 18. Wenn nun jedesmal, da der gleichzeitige Zusam¬
249 484 1301 538 mentritt der dissonirenden Töne ausser aller Vermittlung
241 540 1294 586 liegen würde, nur ein successives Eintreten, ein Nachein¬
244 595 1297 643 anderkommen derselben die Dissonanz herbeiführen kann,
248 644 1294 691 die Töne aber entweder in der Aufeinanderfolge von Grund¬
240 707 1295 747 ton und Quint, oder von Quint und Grundton eintreten
240 747 1297 794 werden; so ergibt sich das metrisch-Gleichbedeutende von
238 812 1293 852 selbst in der Ordnung von Erstem und Zweitem oder von
243 860 1298 907 Zweitem und Erstem: dem Grundtone kommt die erste, der
240 907 1162 963 Quint, als Septime, die zweite metrische Stelle zu:
317 1180 1290 1236 Jene Septimenaccorde; die im verwendeten Systeme
240 1243 1295 1276 enthalten sind, setzen aber nicht einen Grundton und eine
237 1284 1298 1331 Quint als Dissonanzmomente sich entgegen, sondern zwei
241 1340 1289 1395 harmonische Momente gleicher Bestimmung: Grundton und
233 1387 1290 1435 Grundton, Quint und Quint, Terz und Terz. Hier kann
229 1444 1289 1491 nun eine metrisch selbstverständliche Bestimmung für die
238 1499 1286 1539 Stellung des Dissonanzaccordes, nach der Bedingung, ob
233 1555 1292 1604 er in der Septime oder im Grundtone vorbereitet sei, nicht
239 1603 1287 1651 mehr stattfinden; sie ist wenigstens im Unterschiede der
234 1652 1283 1707 dissonirenden Töne, ihrer harmonischen Bedeutung nach,
237 1708 1289 1755 nicht gegeben, wie in jenen mit Grundton und Quint dis¬
230 1770 1287 1816 sonirenden Septimenaccorden: denn es ist hier die Septime
236 1811 1285 1860 harmonisch gleicher Bedeutung mit dem Grundtone; beide
233 1867 1278 1915 stehen sich als dieselben Momente der beiden Dominant¬
231 1931 1288 1974 accorde entgegen und können, wenigstens nach der Be¬
238 1971 1288 2020 deutung, die sie harmonisch, jeder in Bezug auf seinen
223 2026 1279 2067 Dreiklang haben, gleiche Rechte an gleiche Stellen in An¬
229 2086 1282 2130 spruch nehmen. Und so sehen wir denn auch die Septi¬
