1444 2597
645 248 730 299 173
574 379 817 427 Modulation.
250 472 1227 528 255. Durch veränderte Bedeutung des Tones wird
160 524 1229 571 das andere Intervall, durch veränderte Bedeutung des
160 579 1229 627 Intervalles der andere Accord bestimmt; ebenso wird
172 627 1216 675 die veränderte Bedeutung des Accordes die andere Ton¬
166 683 446 732 art bestimmen.
253 747 1226 795 Wenn aber die Bedeutung des Tones nicht im Tone
167 805 1221 859 an sich, sondern erst durch seinen Zusammenklang mit
170 852 1229 899 einem anderen Tone, im Intervalle, die Bedeutung des
160 908 1227 955 Intervalles erst durch seinen Zusammenklang mit einem
173 963 1215 1010 anderen Intervalle, im Accorde ausgesprochen sein kann,
170 1011 1212 1059 so wird auch die Bedeutung des Accordes nicht im Ac¬
167 1068 1223 1107 corde an sich, sondern erst durch seine Stellung zu an¬
169 1123 1226 1163 deren Accorden in der Tonart ihre Bestimmtheit erhalten
170 1172 1232 1220 können, und so ist wieder zu objectiver Erkennbarkeit
169 1228 1228 1267 die Tonart für die Bedeutung des Accordes, der Ac¬
167 1280 1224 1324 cord für die Bedeutung des Intervalles, das Intervall
161 1332 1029 1378 für die Bedeutung des Tones das Bestimmende.
252 1399 1230 1444 256. Der C-Durdreiklang, welcher in der C-Durtonart
166 1453 1226 1490 tonischer Accord ist, ist in der F-Dur- und F-Molltonart
169 1500 1223 1547 Oberdominantaccord; in der G-Durtonart Unterdo¬
165 1565 1228 1602 minantaccord, in der E-Molltonart Accord der sechsten
172 1612 1229 1652 Stufe, oder der Mollterz des Unterdominantdreiklanges.
176 1659 1221 1707 So wird allgemein jeder der drei Durdreiklänge der Dur¬
174 1715 1232 1761 tonart und der zwei Durdreiklänge der Molltonart auch an
172 1767 1235 1811 drei Durtonarten und zwei Molltonarten Theil nehmen; wie
168 1819 1231 1869 auch jeder der zwei Molldreiklänge der Molltonart und der
168 1880 1242 1923 zwei Molldreiklänge der Durtonart in zwei Moll- und zwei
170 1924 756 1972 Durtonarten enthalten sein muss.
258 1988 1239 2043 257. Es hat demnach der Durdreiklang in Bezug auf
162 2044 1237 2090 die drei Dur- und zwei Molltonarten, denen er angehören
172 2092 1238 2155 kann, fünffache Bedeutung; der Molldreiklang in Bezug auf
