1444 2597
643 219 710 268 29
143 317 1215 354 einander aufgehen zu lassen das lebendige Sein selbst ist
140 363 586 419 und die Wirklichkeit.
235 419 1205 467 23. Die Wirkung der Octav, Quint und Terz ist für
145 475 1192 530 unsere Empfindung eine eben so unzweideutig bestimmte,
142 531 1197 579 als es die quantitativen Verhältnisse dieser Intervalle sind,
146 578 1206 628 aus denen jene Wirkung hervorgeht. Es kommt also darauf
146 635 1201 681 an, diese Verhältnisse, die durch das Medium des Klanges
141 692 1197 740 sich uns sinnlich mittheilen, in ihrer sinnigen Bedeutung
144 745 1202 794 zu fassen, wie es im Vorhergehenden versucht ist; das
149 795 1189 836 Resultat des Versuches ist aber jederzeit in der Grundbe¬
146 849 1190 900 deutung der Erklärung wieder am Gefühl der Wirkung,
145 907 1196 955 welche diese Intervalle auf uns ausüben, zu prüfen; denn
141 956 1204 995 wo das Gedachte dem Gefühlten widerspräche, da könnte
140 1011 1192 1051 es nur unwahr sein. Wenn die Octav sich durch eine theo¬
142 1060 1189 1109 retische Erklärung als den Ausdruck für ein Mannichfaltiges,
145 1115 1201 1158 die Quint als Ausdruck für Verbindung, die Terz als Aus¬
138 1164 1198 1211 druck für Trennung sich ergeben sollte, so würde solche
146 1220 1200 1267 Theorie die entschiedene Widerlegung am Eindruck den
146 1275 1201 1323 uns diese Intervalle erregen sogleich erfahren müssen. Dass
135 1338 1195 1386 aber die Octav als Einheit, die Quint als Trennung, als
145 1386 1189 1427 eine unerfüllte Leere, die Terz in der Quint als eine erfül¬
143 1436 1187 1483 lende vollständige Befriedigung auch unser Gefühl anspricht,
139 1489 1201 1542 wie wir die Bedeutung der Verhältnisse dem entsprechend
140 1556 1191 1595 gefunden haben, dies kann selbst wieder eine solche Terz¬
142 1588 1200 1641 befriedigung zwischen Gefühltem und Gedachtem
137 1651 402 1706 uns gewähren. —
226 1696 1199 1756 24. Im Accord sind die Bestimmungen von Quint und
144 1756 1195 1803 Terz an einer und derselben Einheit enthalten, daher der
141 1805 1199 1852 Gleichzeitigkeit seiner Intervalle nichts entgegen ist. Sie
146 1866 1198 1914 sind Momente eines einigen Daseins. Die Fortbildung zur
143 1915 1196 1964 Tonart fängt aber mit dem Widerspruche dieser Einigkeit
136 1964 1207 2011 an, indem sie durch die Dominantaccorde die gegenseitige
140 2020 1196 2066 Beziehung von Grundton und Quint aufhebt. Damit schreitet
144 2076 1198 2123 der Stillstand des Accordes zur Bewegung, die Gleich¬
