1444 2597
649 285 724 332 177
155 382 1222 435 der in der Verbindung des Oberdominantdreiklanges mit
156 435 1212 480 dem verminderten Dreiklange der Oberdominantterz be¬
153 493 1209 532 steht, ebensowohl vom tonischen, wie von den beiden
150 540 1216 580 Dominantdreiklängen ausgehend vermittelt zu ergreifen
158 587 1214 635 ist (181). Wir werden demnach dem tonischen Dreiklange
158 644 1208 693 C-e-G, ihn als Unterdominantdreiklang der G-Durtonart,
166 681 1207 747 oder als Oberdominantdreiklang der F-Durtonart setzend,
162 755 1207 803 unmittelbar den Dominantseptimenaccord der einen oder
164 796 1210 844 anderen Tonart folgen lassen können, wodurch nach der
160 851 1211 891 Auflösung dieses Accordes die neue Tonart nicht nur einge¬
157 900 1205 947 leitet sein, sondern sogleich in ihrem Umfange zusammen¬
156 960 1221 1011 gefasst und festgestellt erscheinen wird. Die Folge bildet
154 1003 649 1051 sich dann in dieser Gestalt:
154 1459 1219 1506 Der gewonnene tonische Dreiklang der neuen Tonart wieder
160 1508 1215 1555 in die eine oder andere Dominantbedeutung versetzt, kann
161 1565 1215 1611 sodann nach demselben Verfahren in die vorige Tonart
165 1612 1225 1658 zurück-, oder in der angebahnten Richtung der Modulation
157 1668 785 1723 um einen Tonartgrad weiterführen.
