1444 2597
638 235 723 283 159
153 332 1215 387 überhaupt eine über die Septimenharmonie hinausgehende
149 379 1207 426 Combination als Dreiklangsverbindung nicht möglich. Der
152 436 1205 483 Uebergang aus C-e-G nach G-h-D kann, wie wir gesehen
149 484 1202 547 haben, sich nicht in einem Accorde des Inhaltes C-e-G-h-D,
150 541 1203 595 sondern nur in den Tönen h-D-e-G, in der Verbindung
153 595 1206 642 der Dreiklänge e-G-h und G-h-D darstellen. Ebenso haben
146 653 1199 702 wir die Uebergänge in die völlig getrennten Dreiklänge,
152 707 1201 748 z. B. aus C-e-G nach h-D|F und D|F-a, immer nur als
150 749 1202 811 Verbindungen nächstverwandter, den ersten als h-D-F-G,
148 803 1211 851 den zweiten als C-D-F-a hervorgehen sehen; daher die
153 860 1191 900 sogenannten Nonen-, Undecimen- und Terzde¬
151 923 1197 955 cimen-Accorde sich von selbst von der durch Drei¬
145 964 1199 1011 klangsverbindung entstehenden Dissonanzharmonie aus¬
144 1020 337 1067 schliessen.
229 1067 1210 1115 239. Zur Auflösung des Accordes G-h-D-a, oder
155 1124 1207 1171 G-h-D-F-a, lassen wir den Ton a nach G herabtreten.
145 1179 1209 1220 Dass hiermit aber eine Auflösung der Dissonanz G-a nicht
148 1228 1209 1284 geschehen sein kann, ist offenbar; diese könnte, den
151 1283 1213 1324 Zusammenklang G-a an sich betrachtet, innerhalb der
149 1334 1200 1380 C-Durtonart nur in der Fortschreitung nach F-a, G-h, oder
140 1387 1200 1435 nach F-h bestehen. Es ist somit in dem Uebergange:
154 1444 1199 1483 G-h-D-a...G-h-D-G von dem tiefsten Tone des ersten Ac¬
146 1500 1210 1538 cordes bei der Auflösung gänzlich abgesehen, und nur die
147 1548 1197 1594 Dissonanz h—a in Betracht gezogen, für welche die Auf¬
141 1604 1204 1659 lösung h—g sich ergibt. Eine direct-harmonische Beziehung
145 1657 1202 1699 zwischen den äusseren Stimmen ist bei diesem Nonenaccorde
155 1708 1203 1756 und seiner Auflösung ebensowenig in Anspruch genom¬
145 1770 1199 1804 men, als sie in der fortgesetzten Reihe, in der abwärts¬
148 1811 473 1867 gehenden Sequenz
146 1963 1195 2011 bei den mit den ersten correspondirenden Dissonanzaccor¬
141 2019 1204 2075 den und ihren Auflösungen es sein würde. Die None a,
141 2076 1203 2115 welche nach der Octav G fortschreitet, löset sich als Sep¬
