1444 2597
684 211 765 259 214
193 308 1256 356 eine ausführliche Besprechung desselben nicht zu unterneh¬
189 371 1250 403 ien, sie gehört in das technische Lehrbuch. Sofern der
192 412 1261 459 Orgelpunct aber Beziehung zum Schlusse hat, wird noch
188 468 912 514 einiges Allgemeine davon zu sagen sein.
276 523 1259 564 316. Der Orgelpunct kann sich auf zwei Tönen des
194 571 1260 619 Tonartsystemes festsetzen: auf der Oberdominant und
196 628 1254 676 auf der Tonica. Diese beiden sind Angeln, auf denen
194 685 1252 722 sich ein Wechsel von Hauptaccorden bewegt: auf der toni¬
197 732 1251 779 schen Quint wechselt der Oberdominantdreiklang mit dem
189 787 1248 835 tonischen, auf der Tonica der tonische Dreiklang mit dem
192 843 1257 883 Unterdominantaccorde. Es ist zwar keineswegs dieser
196 891 1254 939 Wechsel allein von Dreiklang und Quartsextaccord auf
199 948 1256 995 den beiden Tönen das, was man unter dem Ausdrucke
191 1003 1253 1044 Orgelpunct begreift; vielmehr kann das mannigfaltigste
199 1051 1249 1100 Harmoniegewebe über einem solchen liegenden Tone ent¬
198 1108 1256 1154 stehen: jene beiden Accorde sind aber die festen Puncte
192 1161 1257 1202 für die Uebergangsharmonieen, die auf der Dominant
194 1211 1249 1267 vor dem Schlusse, auf der Tonica nach dem Schlusse,
198 1267 1248 1323 dort ihn aufhaltend, hier zu dessen Fort- und Nachklang
199 1316 1253 1364 sich verweben. Der Orgelpunct auf der Tonica, indem er
200 1378 1254 1419 nur nach dem Schlusse sich bilden kann, ist allezeit als
198 1435 1254 1483 ein Anhang, als eine Coda des Stückes, oder geschlossenen
192 1477 1260 1523 Absatzes zu betrachten, und wir werden hier das Ende
196 1531 1053 1579 immer vom Schlusse zu unterscheiden haben.
282 1588 1248 1627 Die neuere Musik ist im Abschliessen, in der Anhäuf¬
199 1635 1248 1691 ung von Schlussansätzen viel erschöpfender als die ältere;
196 1691 1256 1739 wenn bei dieser mit dem Schlussaccorde meistentheils auch
199 1747 1260 1787 das Stück zu Ende ist, so wird der Schluss im modernen
197 1795 1203 1843 Musikstücke oft sehr weit vor dem Ende zu suchen sein. —
196 1852 1253 1899 Bei dem älteren Schlusse, ohne Coda, ist es fast immer
191 1907 1248 1947 Bedürfniss, ein Retardiren vor dem Ende eintreten zu
193 1955 1248 2003 lassen, das Aufhören vorzubereiten, da er sonst das Ton¬
188 2021 1252 2060 stück abgebrochen und unbefriedigend schliessend erschei¬
197 2060 369 2108 nen lässt.
