1444 2597
645 228 746 268 263
258 315 1221 363 Wir haben auch für diesen Fall wieder die Ver¬
169 372 1227 419 wandtschaft der metrischen Bestimmung mit der harmo¬
160 420 826 468 nischen aufzusuchen und darzulegen.
252 475 794 523 Eine Reihe von Duraccorden:
165 756 1229 803 wird gleichzusetzen sein der metrisch-positiven Bildung:
241 987 810 1028 Eine Reihe von Mollaccorden:
173 1251 996 1306 entspricht der metrisch-negativen Bildung:
171 1459 1225 1513 Hier findet immer eine sich stetig fortsetzende Umwandlung
178 1515 967 1563 des relativen Momentes in ein positives statt.
253 1572 1233 1612 In welcher Weise ein harmonisches Moment zugleich
167 1625 1234 1675 in doppelter Einheitsbestimmung bestehen kann, sehen wir
167 1676 1223 1722 im Systeme der Molltonart, welches den Durdreiklang der
174 1723 1228 1778 Oberdominant mit dem tonischen Molldreiklange durch den
169 1779 1230 1828 Grundton des ersteren verbunden und zwar eben beide
168 1836 1237 1883 Dreiklangsbestimmungen als von diesem Tone ausgehend
172 1891 849 1947 enthält. Im A-Molltonartsysteme z. B.
