1444 2597
694 227 772 275 202
204 324 1261 378 auf dieser Folge basirt sind, enthalten im engsten Umfange,
201 381 1258 434 was normal auch der weitesten Formation zu Grunde liegt.
202 427 1254 482 Was hier innerhalb der Tonart als Accordfolge gegeben ist,
206 483 1267 531 kann sich nur in demselben Sinne wiederholen, wenn die
202 539 1253 585 Tonart selbst als concretes Einheitsmoment ergriffen wird,
198 588 1270 635 und von diesem aus die Fortbildung geschieht. Wie dort
197 644 1263 691 das secundäre Dreiklangsmoment durch das Auftreten eines
196 708 1248 748 anderen Dreiklanges seine Bedeutung in die primäre um¬
202 747 1263 795 wandelt, oder wie eben die Umdeutung einen anderen
198 803 1247 849 Dreiklang entstehen lässt und dann die abermalige Um¬
200 852 1255 898 deutung, — der Widerspruch des ersten Widerspruches —
201 907 1258 955 den ersten, zuerst absolut bestehenden Dreiklang in diesem
202 963 1264 1003 dritten Momente als einen gewordenen in seinem Werden
204 1012 1253 1060 darstellt, so wird auch die Tonart, wenn nicht das Drei¬
197 1067 1257 1114 klangsmoment, sondern der Dreiklang selbst als Tonarts¬
198 1124 1258 1164 moment diese Umwandlung erfährt, indem derselbe zuerst
203 1172 1260 1219 als tonischer gegeben, durch die Dominantbedeutung hin¬
202 1227 1258 1274 durchgehend, wieder zu der tonischen eingehet, sich als
201 1283 1266 1323 eine aus dem Gegensatze vermittelte einführen, die erst als
205 1331 793 1380 eine unmittelbar gesetzte auftrat.
279 1387 1259 1435 297. Wiewohl es Tonstücke gibt, die einen anderen
193 1445 1246 1483 modulatorischen Gang nehmen, die nicht in der Dominant¬
203 1492 1264 1538 tonart ihren Hauptabschnitt, ihres ersten Theiles Abschluss
200 1555 1260 1604 enthalten, so dürfen wir doch jetzt jede abweichende Form
200 1595 1260 1643 beiseite setzen als abnorme. Die entschieden andere, den
194 1652 1262 1695 Gegensatz bildende Tonart, in welche das Musikstück
193 1708 1253 1755 in seiner Mitte überzugehen hat, ist die der Dominant,
199 1764 1256 1804 und zwar der Oberdominant; denn es wird vom
204 1811 1257 1859 Anfange her ein Fortgang, nicht ein Rückgang geschehen
200 1861 1262 1922 sollen, mit diesem letzteren würde der Anfang nur auf
201 1915 1262 1963 einen früheren Anfang kommen können und würde dann
195 1972 1267 2012 selbst nicht mehr Anfang sein. Wenn die Modulation von
204 2020 1269 2068 vornherein nach der Unterdominant führt, dann erscheint
191 2083 1258 2123 die Haupttonart selbst als Oberdominant, sie verliert den
