1444 2597
715 211 798 259 328
227 505 1286 554 in der Weise, dass eine Beziehung der langen Länge und
232 556 1296 619 der kurzen Kürze darin gar nicht in Anregung kommt, welche
229 611 1283 659 direct allein zwischen dem ersten und dritten und zwischen
223 667 1286 707 dem zweiten und dritten Momente stattfindet, diesem
224 716 1282 763 dritten in der doppelten Bedeutung langer Kürze und kur¬
224 772 865 819 zer Länge; daher auch in der Figur
221 949 1291 987 das mittlere Glied zu dem ersten kein zu beachtendes
228 996 1291 1039 Verhältniss — das sich hier als 1:3 darstellen würde
228 1046 1289 1092 — bietet, sondern die erste Länge hat ihre Dauer und
225 1109 1278 1147 metrische Bedeutung, unbeschadet des Eintretens des Zwi¬
222 1163 1272 1203 schengliedes, bis zu dem Anfange des zweiten Hauptmo¬
229 1205 623 1251 mentes der Formation.
314 1248 1279 1299 So ist zwischen zwei Tönen, die nicht das Intervall
221 1307 1279 1354 einer Octav, Quint oder Terz bilden, auch ein harmonisch-
221 1373 1280 1419 directes Verhältniss nicht zu suchen. Der Zusammenklang
219 1418 1276 1460 der sogenannten kleinen Terz; z. B. e-G, wird immer nur
224 1468 1273 1514 auf ein Drittes, auf C oder h hinweisen, in welchem die
222 1515 1274 1563 beiden Töne e und G zu einheitlicher Beziehung als Quint
226 1564 1275 1618 und Terz positiver oder negativer Bestimmung erst ge¬
214 1627 491 1676 langen können.
310 1677 1274 1723 132. Der Ausdruck für die negative Form des dritten
216 1731 1280 1771 Momentes der ungleichzeitigen Gliederung kann, indem
225 1780 1274 1828 dieselbe sich ebenfalls im Umfange des Gliedes vollenden
214 1835 1276 1891 muss, und insofern sie, wie die positive, die Bestimmung
217 1897 1275 1939 zu erfüllen hat, dass entgegengesetzte Bedeutung in Einem
220 1940 1274 1990 ohne Widerspruch zugleich enthalten sei, wird keine an¬
213 1988 1286 2035 dere sein können als die hier bezeichnete: — der Rhythmus
209 2043 695 2099 des Wechselschlages:
