1444 2597
692 243 781 284 142
196 403 465 452 die zweite als:
191 540 1268 586 Diese letztere, welche nur in den Septimenaccorden des
203 595 1271 643 verwendeten Systemes zulässig erschien, indem die
203 651 1268 693 Septime nur in solchen zu dem Grundtone aufwärts treten
202 700 1257 747 kann, wird in der obigen Folge, die sich nur in vermin¬
197 764 1262 803 derten Septimenaccorden fortbewegt, auch ununterbrochen
203 804 556 860 Anwendung finden.
284 859 1250 907 213. Das Gewaltsame, Gedrängte, was diese chroma¬
201 916 1266 963 tischen Folgen enthalten, das in der zweiten namentlich sich
206 971 1266 1011 ausspricht, liegt aber in dem fortwährenden Wechsel der
211 1020 1267 1065 Tonart. Eine chromatische Fortschreitung, in harmonischer
206 1066 1261 1123 Bedeutung, führt allezeit in ein neues Tonartsystem; und
202 1133 1271 1172 zwar leiten die obigen Folgen aus einer Molltonart in die
206 1178 1272 1227 andere, aus einem Isolirten in das andere; denn die
200 1235 1273 1276 Molltonarten sind, wie wir früher gesehen, nicht in der
206 1283 1268 1330 Weise verkettet, wie es die verwandten Durtonarten unter
201 1333 378 1387 sich sind.
298 1387 1267 1436 Sodann ist die Widerwilligkeit der Stimmenfortschreit¬
201 1451 1271 1499 ung in diesen Folgen auch durch die Zusammenklänge
213 1491 1271 1540 selbst verursacht. Es wird im Accorde gis-H|D-f der
206 1555 1269 1595 ersten Reihe, gis in der Verbindung mit D und f weit mehr
205 1603 1260 1650 Verlangen haben, nach A als nach G sich zu bewegen;
209 1654 1264 1707 ebenso wird in der zweiten Reihe f, gegen gis und H,
206 1708 1274 1755 nach E, und nicht nach fis fortschreiten wollen. Dieselbe
210 1755 1271 1811 Gezwungenheit findet in der absteigenden Bewegung bei
211 1811 1276 1860 H..b, in der aufsteigenden bei D..dis statt; so dass in
207 1867 1269 1906 diesen Harmoniefolgen von den vier Stimmen allezeit nur
215 1923 1266 1964 zwei einen ungezwungenen Gang erhalten: in der ersten
203 1971 1267 2018 D-f nach cis-E, in der zweiten gis-H nach A-c; die anderen
209 2019 1269 2066 zwei aber ihrem Verlangen entgegen fortzuschreiten genö¬
205 2082 1270 2131 thigt werden. Den Grund, warum die zweite der obigen
