<?xml version="1.0" encoding="UTF-8" standalone="yes"?>
<PcGts xmlns="http://schema.primaresearch.org/PAGE/gts/pagecontent/2013-07-15" xmlns:xsi="http://www.w3.org/2001/XMLSchema-instance" xsi:schemaLocation="http://schema.primaresearch.org/PAGE/gts/pagecontent/2013-07-15 http://schema.primaresearch.org/PAGE/gts/pagecontent/2013-07-15/pagecontent.xsd">
    <Metadata>
        <Creator>prov=University of Rostock/Institute of Mathematics/CITlab|PLANET AI GmbH/Gundram Leifert/gundram.leifert@planet-ai.de:name=ONB_Newseye_GT_M1+(htr_id=10810)::::v=2.6.7
prov=University of Rostock/Institute of Mathematics/CITlab|PLANET AI GmbH/Tobias Gruening/tobias.gruening@planet-ai.de:name=de.uros.citlab.module.baseline2polygon.B2PSeamMultiOriented:v=2.6.7
prov=University of Rostock/Institute of Mathematics/CITlab|PLANET AI GmbH/Tobias Gruening/tobias.gruening@planet-ai.de:name=/net_tf/LA73_249_0mod360.pb:de.uros.citlab.segmentation.CITlab_LA_ML:v=2.6.6
Transkribus</Creator>
        <Created>2021-02-02T15:22:33.441+01:00</Created>
        <LastChange>2021-03-11T14:41:25.965+01:00</LastChange>
        <TranskribusMetadata docId="598856" pageId="23846516" pageNr="60" tsid="53582697" status="DONE" userId="74363" imgUrl="https://files.transkribus.eu/Get?id=DLPYEWHDESYAVYKDNIYWTZOW&amp;fileType=view" xmlUrl="https://files.transkribus.eu/Get?id=RLHZJSAYKTBEGXFZAUQESLGT" imageId="18302982"/>
    </Metadata>
    <Page imageFilename="Hauptmann1853-0069.jpg" imageWidth="1444" imageHeight="2597" type="content">
        <ReadingOrder>
            <OrderedGroup id="ro_1624196691776" caption="Regions reading order">
                <RegionRefIndexed index="0" regionRef="TextRegion_1612390529671_853"/>
                <RegionRefIndexed index="1" regionRef="TextRegion_1612390561334_866"/>
                <RegionRefIndexed index="2" regionRef="TextRegion_1612390561334_865"/>
                <RegionRefIndexed index="3" regionRef="TextRegion_1612390557248_861"/>
            </OrderedGroup>
        </ReadingOrder>
        <TextRegion orientation="0.0" type="page-number" id="TextRegion_1612390529671_853" custom="readingOrder {index:0;} structure {type:page-number;}">
            <Coords points="207,221 1283,221 1283,277 207,277"/>
            <TextLine id="r1l1" custom="readingOrder {index:0;}">
                <Coords points="712,257 722,257 723,259 746,258 749,260 756,256 763,256 764,218 756,218 753,214 747,212 714,212"/>
                <Baseline points="720,247 757,248"/>
                <TextEquiv>
                    <Unicode>50</Unicode>
                </TextEquiv>
            </TextLine>
            <TextEquiv>
                <Unicode>50</Unicode>
            </TextEquiv>
        </TextRegion>
        <TextRegion orientation="0.0" type="paragraph" id="TextRegion_1612390561334_866" custom="readingOrder {index:1;}">
            <Coords points="207,277 1283,277 1283,1318 207,1318"/>
            <TextLine id="r1l2" custom="readingOrder {index:0;}">
                <Coords points="200,354 1187,363 1263,338 1151,307 200,316"/>
                <Baseline points="207,341 259,341 311,340 364,340 416,340 469,340 521,339 574,339 626,340 679,340 731,340 783,340 836,340 888,340 941,340 993,340 1046,340 1098,340 1151,339 1203,339 1256,339"/>
                <TextEquiv>
                    <Unicode>fortbestehen, wie sie bei der Aufnahme der oberhalb liegen¬</Unicode>
                </TextEquiv>
            </TextLine>
            <TextLine id="r1l3" custom="readingOrder {index:1;}">
                <Coords points="208,402 1259,394 1201,355 208,364"/>
                <Baseline points="215,393 266,393 318,393 370,393 422,393 474,393 526,393 577,393 629,393 681,393 733,393 785,393 837,393 889,393 940,393 992,393 1044,393 1096,393 1148,393 1200,392 1252,392"/>
                <TextEquiv>
                    <Unicode>den Terz nicht aufgehoben wird: es ist aber die Veränder¬</Unicode>
                </TextEquiv>
            </TextLine>
            <TextLine id="r1l4" custom="readingOrder {index:2;} textStyle {offset:32; length:1;italic:true; fontSize:0.0; kerning:0;} textStyle {offset:38; length:1;italic:true; fontSize:0.0; kerning:0;}">
                <Coords points="204,457 1260,459 1230,411 204,419"/>
                <Baseline points="211,447 263,447 315,447 367,447 419,446 471,446 523,447 575,447 627,447 679,447 732,447 784,447 836,447 888,447 940,447 992,447 1044,447 1096,446 1148,446 1200,445 1253,444"/>
                <TextEquiv>
                    <Unicode>ung selbst, der Unterschied von D und d, nicht in der Weise</Unicode>
                </TextEquiv>
            </TextLine>
            <TextLine id="r1l5" custom="readingOrder {index:3;} textStyle {offset:43; length:1;italic:true; fontSize:0.0; kerning:0;} textStyle {offset:49; length:3;italic:true; fontSize:0.0; kerning:0;} textStyle {offset:58; length:1;italic:true; fontSize:0.0; kerning:0;}">
                <Coords points="205,505 1219,515 1275,506 1275,468 205,476"/>
                <Baseline points="211,499 263,499 316,499 369,500 422,500 475,500 528,500 580,500 633,500 686,500 739,500 792,500 845,500 898,500 950,500 1003,500 1056,500 1109,500 1162,500 1215,500 1268,500"/>
                <TextEquiv>
                    <Unicode>zur Erscheinung zu bringen, wie es der von F und fis ist; d</Unicode>
                </TextEquiv>
            </TextLine>
            <TextLine id="r1l6" custom="readingOrder {index:4;} textStyle {offset:46; length:1;italic:true; fontSize:0.0; kerning:0;}">
                <Coords points="214,561 1254,563 1223,516 214,529"/>
                <Baseline points="221,551 272,552 323,552 374,553 426,553 477,554 528,554 580,554 631,554 682,554 734,554 785,554 836,554 887,554 939,554 990,553 1041,553 1093,553 1144,552 1195,552 1247,551"/>
                <TextEquiv>
                    <Unicode>würde erst durch das Auftreten des Grundtones B entschie¬</Unicode>
                </TextEquiv>
            </TextLine>
            <TextLine id="r1l7" custom="readingOrder {index:5;} textStyle {offset:8; length:5;fontSize:0.0; kerning:0; letterSpaced:true;} textStyle {offset:14; length:1;italic:true; fontSize:0.0; kerning:0;} textStyle {offset:39; length:1;italic:true; fontSize:0.0; kerning:0;}">
                <Coords points="210,619 1268,618 1268,580 1231,571 210,574"/>
                <Baseline points="217,606 269,606 321,606 373,606 426,606 478,607 530,607 582,607 635,607 687,607 739,608 791,608 844,608 896,608 948,608 1000,607 1053,607 1105,607 1157,606 1209,606 1262,605"/>
                <TextEquiv>
                    <Unicode>den als nicht-D darzustellen sein; mit B wird aber die</Unicode>
                </TextEquiv>
            </TextLine>
            <TextLine id="r1l8" custom="readingOrder {index:6;} textStyle {offset:11; length:1;italic:true; fontSize:0.0; kerning:0;} textStyle {offset:34; length:1;italic:true; fontSize:0.0; kerning:0;}">
                <Coords points="216,667 1269,666 1232,620 216,628"/>
                <Baseline points="223,659 277,659 332,659 387,659 441,659 496,660 551,660 605,660 660,660 715,661 769,661 824,661 879,661 933,661 988,661 1043,660 1097,660 1152,660 1207,659 1262,658"/>
                <TextEquiv>
                    <Unicode>Tonart von F bestimmt und die von C aufgehoben. Daher die</Unicode>
                </TextEquiv>
            </TextLine>
            <TextLine id="r1l9" custom="readingOrder {index:7;}">
                <Coords points="218,722 1268,716 1199,676 218,677"/>
                <Baseline points="225,711 276,711 328,712 380,712 432,713 484,713 536,713 587,714 639,714 691,714 743,715 795,715 847,715 899,715 950,714 1002,714 1054,713 1106,713 1158,712 1210,710 1262,709"/>
                <TextEquiv>
                    <Unicode>hierher gehörenden Accorde, indem der durch den Ueber¬</Unicode>
                </TextEquiv>
            </TextLine>
            <TextLine id="r1l10" custom="readingOrder {index:8;}">
                <Coords points="220,779 1275,770 1275,742 1214,732 220,733"/>
                <Baseline points="226,763 278,764 330,764 382,765 434,766 486,766 538,767 590,767 642,767 694,767 747,767 799,767 851,767 903,767 955,767 1007,767 1059,766 1111,766 1163,766 1215,765 1268,765"/>
                <TextEquiv>
                    <Unicode>tritt gewonnene Ton erst durch den unterhalb liegenden</Unicode>
                </TextEquiv>
            </TextLine>
            <TextLine id="r1l11" custom="readingOrder {index:9;}">
                <Coords points="216,827 1273,819 1088,788 217,787"/>
                <Baseline points="223,815 275,816 327,817 379,818 431,819 483,819 535,820 588,820 640,820 692,821 744,821 796,821 848,821 900,821 953,821 1005,820 1057,820 1109,819 1161,819 1213,818 1266,818"/>
                <TextEquiv>
                    <Unicode>bestimmt werden muss, nicht mehr auf die gegebene, son¬</Unicode>
                </TextEquiv>
            </TextLine>
            <TextLine id="r1l12" custom="readingOrder {index:10;}">
                <Coords points="213,881 1270,883 1238,835 213,844"/>
                <Baseline points="220,870 272,870 324,870 376,871 428,871 481,872 533,872 585,872 637,872 689,873 742,873 794,873 846,873 898,873 950,873 1003,873 1055,873 1107,873 1159,873 1211,872 1264,872"/>
                <TextEquiv>
                    <Unicode>dern auf ihre Unterdominant-Tonart werden zu beziehen</Unicode>
                </TextEquiv>
            </TextLine>
            <TextLine id="r1l13" custom="readingOrder {index:11;} textStyle {offset:11; length:5;italic:true; fontSize:0.0; kerning:0;} textStyle {offset:21; length:5;italic:true; fontSize:0.0; kerning:0;}">
                <Coords points="210,931 1202,940 1270,932 1271,891 210,906"/>
                <Baseline points="217,924 269,924 321,925 374,925 426,925 478,926 531,926 583,926 635,926 688,927 740,927 792,927 845,927 897,927 949,927 1002,926 1054,926 1106,926 1159,925 1211,924 1264,923"/>
                <TextEquiv>
                    <Unicode>sein, also h|d-F und G-h|d nicht mehr in die C-Durtonart</Unicode>
                </TextEquiv>
            </TextLine>
            <TextLine id="r1l14" custom="readingOrder {index:12;}">
                <Coords points="220,995 1273,986 1230,939 221,955"/>
                <Baseline points="227,977 281,978 336,978 391,978 445,978 500,979 555,979 609,979 664,979 719,979 773,979 828,979 883,979 937,979 992,979 1047,979 1101,979 1156,978 1211,978 1266,977"/>
                <TextEquiv>
                    <Unicode>gehören, sondern eben wieder als aus einem Uebergreifen</Unicode>
                </TextEquiv>
            </TextLine>
            <TextLine id="r1l15" custom="readingOrder {index:13;}">
                <Coords points="220,1042 1268,1033 1268,1007 1110,996 220,997"/>
                <Baseline points="226,1030 277,1030 329,1030 381,1030 433,1030 485,1031 536,1031 588,1032 640,1032 692,1033 744,1033 795,1034 847,1034 899,1034 951,1034 1003,1033 1054,1033 1106,1032 1158,1030 1210,1029 1262,1027"/>
                <TextEquiv>
                    <Unicode>des F-Dursystemes nach der Oberdominantseite hervorge¬</Unicode>
                </TextEquiv>
            </TextLine>
            <TextLine id="r1l16" custom="readingOrder {index:14;} textStyle {offset:43; length:5;italic:true; fontSize:0.0; kerning:0;} textStyle {offset:53; length:5;italic:true; fontSize:0.0; kerning:0;}">
                <Coords points="213,1096 1214,1107 1276,1086 1276,1053 213,1059"/>
                <Baseline points="219,1085 271,1085 324,1085 376,1085 429,1085 481,1085 534,1085 586,1085 639,1085 691,1086 744,1086 797,1086 849,1086 902,1086 954,1086 1007,1086 1059,1086 1112,1085 1164,1085 1217,1084 1270,1084"/>
                <TextEquiv>
                    <Unicode>gangen erscheinen. Dann stehen die Accorde G-h|d und h|d-F</Unicode>
                </TextEquiv>
            </TextLine>
            <TextLine id="r1l17" custom="readingOrder {index:15;} textStyle {offset:43; length:7;fontSize:0.0; kerning:0; letterSpaced:true;}">
                <Coords points="220,1147 1162,1155 1272,1146 1272,1100 220,1104"/>
                <Baseline points="227,1137 278,1137 330,1137 382,1138 434,1138 486,1138 538,1138 590,1138 642,1138 694,1138 746,1138 797,1138 849,1138 901,1138 953,1138 1005,1138 1057,1138 1109,1138 1161,1138 1213,1138 1265,1138"/>
                <TextEquiv>
                    <Unicode>in demselben Bezuge zu der F-Durtonart wie D-fis|a und</Unicode>
                </TextEquiv>
            </TextLine>
            <TextLine id="r1l18" custom="readingOrder {index:16;} textStyle {offset:0; length:7;italic:true; fontSize:0.0; kerning:0;}">
                <Coords points="217,1212 1279,1194 1255,1156 217,1160"/>
                <Baseline points="224,1192 276,1190 328,1190 381,1189 433,1189 486,1189 538,1190 590,1190 643,1190 695,1191 748,1191 800,1191 852,1192 905,1192 957,1192 1010,1192 1062,1192 1114,1191 1167,1190 1219,1189 1272,1188"/>
                <TextEquiv>
                    <Unicode>fis|a-C sich gegen die C-Durtonart verhalten, und jene bei¬</Unicode>
                </TextEquiv>
            </TextLine>
            <TextLine id="r1l19" custom="readingOrder {index:17;}">
                <Coords points="227,1250 1285,1250 1268,1212 227,1212"/>
                <Baseline points="233,1242 285,1242 337,1242 389,1242 442,1243 494,1243 546,1243 598,1244 651,1244 703,1244 755,1244 807,1245 860,1245 912,1245 964,1245 1016,1245 1069,1245 1121,1244 1173,1244 1225,1244 1278,1243"/>
                <TextEquiv>
                    <Unicode>den Accorde wollen sich nicht mehr von der letzteren Tonart</Unicode>
                </TextEquiv>
            </TextLine>
            <TextLine id="r1l20" custom="readingOrder {index:18;}">
                <Coords points="218,1307 494,1306 494,1277 476,1268 429,1275 389,1260 363,1271 240,1260 218,1274"/>
                <Baseline points="224,1296 250,1295 276,1295 302,1295 329,1296 355,1296 381,1297 408,1297 434,1297 460,1297 487,1297"/>
                <TextEquiv>
                    <Unicode>ableiten lassen.</Unicode>
                </TextEquiv>
            </TextLine>
            <TextEquiv>
                <Unicode>fortbestehen, wie sie bei der Aufnahme der oberhalb liegen¬&#13;
den Terz nicht aufgehoben wird: es ist aber die Veränder¬&#13;
ung selbst, der Unterschied von D und d, nicht in der Weise&#13;
zur Erscheinung zu bringen, wie es der von F und fis ist; d&#13;
würde erst durch das Auftreten des Grundtones B entschie¬&#13;
den als nicht-D darzustellen sein; mit B wird aber die&#13;
Tonart von F bestimmt und die von C aufgehoben. Daher die&#13;
hierher gehörenden Accorde, indem der durch den Ueber¬&#13;
tritt gewonnene Ton erst durch den unterhalb liegenden&#13;
bestimmt werden muss, nicht mehr auf die gegebene, son¬&#13;
dern auf ihre Unterdominant-Tonart werden zu beziehen&#13;
sein, also h|d-F und G-h|d nicht mehr in die C-Durtonart&#13;
gehören, sondern eben wieder als aus einem Uebergreifen&#13;
des F-Dursystemes nach der Oberdominantseite hervorge¬&#13;
gangen erscheinen. Dann stehen die Accorde G-h|d und h|d-F&#13;
in demselben Bezuge zu der F-Durtonart wie D-fis|a und&#13;
fis|a-C sich gegen die C-Durtonart verhalten, und jene bei¬&#13;
den Accorde wollen sich nicht mehr von der letzteren Tonart&#13;
ableiten lassen.</Unicode>
            </TextEquiv>
        </TextRegion>
        <TextRegion orientation="0.0" type="heading" id="TextRegion_1612390561334_865" custom="readingOrder {index:2;} structure {type:heading;}">
            <Coords points="207,1318 1283,1318 1283,1404 207,1404"/>
            <TextLine id="r1l21" custom="readingOrder {index:0;} textStyle {offset:3; length:19;italic:true; fontSize:0.0; kerning:0;}">
                <Coords points="540,1387 950,1387 950,1347 670,1340 652,1352 633,1340 540,1340"/>
                <Baseline points="547,1376 573,1376 599,1376 626,1376 652,1376 679,1376 705,1376 731,1376 758,1376 784,1376 811,1376 837,1376 863,1376 890,1377 916,1377 943,1378"/>
                <TextEquiv>
                    <Unicode>b) In der Moll-Tonart.</Unicode>
                </TextEquiv>
            </TextLine>
            <TextEquiv>
                <Unicode>b) In der Moll-Tonart.</Unicode>
            </TextEquiv>
        </TextRegion>
        <TextRegion orientation="0.0" id="TextRegion_1612390557248_861" custom="readingOrder {index:3;} structure {type:paragraph-continued;}">
            <Coords points="207,1404 1283,1404 1283,2118 207,2118"/>
            <TextLine id="r1l22" custom="readingOrder {index:0;}">
                <Coords points="309,1459 1289,1456 1254,1419 309,1419"/>
                <Baseline points="316,1451 364,1451 412,1451 461,1451 509,1452 557,1452 606,1452 654,1452 702,1452 751,1453 799,1453 847,1453 896,1453 944,1453 992,1453 1041,1453 1089,1453 1137,1452 1186,1452 1234,1451 1283,1451"/>
                <TextEquiv>
                    <Unicode>59. Das Molltonartsystem kann aus Gründen, die in</Unicode>
                </TextEquiv>
            </TextLine>
            <TextLine id="r1l23" custom="readingOrder {index:1;}">
                <Coords points="224,1515 1119,1531 1284,1515 1285,1474 224,1482"/>
                <Baseline points="231,1504 283,1504 335,1504 388,1504 440,1504 492,1504 545,1505 597,1505 649,1505 702,1505 754,1505 806,1505 859,1506 911,1506 963,1506 1016,1506 1068,1506 1120,1506 1173,1506 1225,1506 1278,1505"/>
                <TextEquiv>
                    <Unicode>seiner von der Durtonart verschiedenen Natur liegen, eine</Unicode>
                </TextEquiv>
            </TextLine>
            <TextLine id="r1l24" custom="readingOrder {index:2;}">
                <Coords points="229,1571 1280,1564 1280,1531 1191,1523 1105,1546 229,1524"/>
                <Baseline points="235,1556 289,1556 344,1557 399,1558 453,1558 508,1558 563,1559 617,1559 672,1559 727,1559 781,1559 836,1559 891,1559 945,1559 1000,1559 1055,1559 1109,1558 1164,1558 1219,1557 1274,1557"/>
                <TextEquiv>
                    <Unicode>Fortrückung nach der Unterdominantseite eben auch nur</Unicode>
                </TextEquiv>
            </TextLine>
            <TextLine id="r1l25" custom="readingOrder {index:3;}">
                <Coords points="221,1618 1263,1618 1283,1585 221,1590"/>
                <Baseline points="228,1611 280,1610 332,1610 385,1610 437,1610 490,1610 542,1611 594,1611 647,1612 699,1612 752,1612 804,1612 856,1613 909,1613 961,1613 1014,1612 1066,1612 1118,1611 1171,1610 1223,1609 1276,1608"/>
                <TextEquiv>
                    <Unicode>unter sehr beschränkenden Umständen zulassen. Die Auf¬</Unicode>
                </TextEquiv>
            </TextLine>
            <TextLine id="r1l26" custom="readingOrder {index:4;}">
                <Coords points="229,1674 1283,1675 1283,1637 229,1643"/>
                <Baseline points="236,1664 288,1663 340,1663 392,1663 444,1663 496,1663 548,1663 600,1664 652,1664 704,1664 756,1665 808,1665 860,1665 912,1665 964,1665 1016,1665 1068,1665 1120,1664 1172,1663 1224,1662 1277,1661"/>
                <TextEquiv>
                    <Unicode>nahme eines Gliedes der Unterdominantreihe würde die</Unicode>
                </TextEquiv>
            </TextLine>
            <TextLine id="r1l27" custom="readingOrder {index:5;}">
                <Coords points="232,1739 1232,1731 1288,1722 1289,1693 232,1692"/>
                <Baseline points="238,1714 290,1715 342,1715 394,1716 446,1716 499,1717 551,1717 603,1717 655,1718 707,1718 760,1718 812,1718 864,1718 916,1718 968,1718 1021,1718 1073,1717 1125,1717 1177,1716 1229,1716 1282,1715"/>
                <TextEquiv>
                    <Unicode>positive Voraussetzung, dasjenige, woraus die Generation</Unicode>
                </TextEquiv>
            </TextLine>
            <TextLine id="r1l28" custom="readingOrder {index:6;}">
                <Coords points="226,1779 1286,1776 1239,1732 1003,1760 226,1747"/>
                <Baseline points="232,1770 284,1770 336,1770 389,1770 441,1770 493,1770 546,1770 598,1770 650,1770 703,1770 755,1770 807,1770 860,1770 912,1770 964,1770 1017,1770 1069,1770 1121,1770 1174,1770 1226,1769 1279,1769"/>
                <TextEquiv>
                    <Unicode>der Tonart hervorgegangen ist, angreifen, sie würde den</Unicode>
                </TextEquiv>
            </TextLine>
            <TextLine id="r1l29" custom="readingOrder {index:7;}">
                <Coords points="225,1827 1288,1834 1288,1794 1152,1788 1026,1813 943,1787 225,1796"/>
                <Baseline points="232,1822 284,1822 337,1822 389,1822 442,1823 494,1823 547,1823 599,1823 652,1823 704,1823 757,1824 809,1824 862,1824 914,1824 967,1824 1019,1823 1072,1823 1124,1823 1177,1823 1229,1822 1282,1822"/>
                <TextEquiv>
                    <Unicode>Oberdominantaccord seiner Quint berauben, und der erste</Unicode>
                </TextEquiv>
            </TextLine>
            <TextLine id="r1l30" custom="readingOrder {index:8;}">
                <Coords points="233,1884 1281,1890 1281,1853 1208,1844 375,1867 233,1843"/>
                <Baseline points="240,1875 291,1875 343,1876 395,1876 446,1876 498,1876 550,1876 601,1876 653,1876 705,1876 757,1876 808,1876 860,1876 912,1875 963,1875 1015,1875 1067,1875 1118,1875 1170,1875 1222,1875 1274,1875"/>
                <TextEquiv>
                    <Unicode>Accord, welcher an dieser Oberdominantseite erschiene,</Unicode>
                </TextEquiv>
            </TextLine>
            <TextLine id="r1l31" custom="readingOrder {index:9;}">
                <Coords points="234,1939 1242,1940 1268,1900 234,1906"/>
                <Baseline points="240,1929 291,1929 342,1928 393,1928 444,1928 495,1928 546,1928 597,1929 648,1929 699,1929 750,1929 801,1930 852,1930 903,1930 954,1930 1005,1930 1056,1929 1107,1929 1158,1929 1209,1928 1261,1927"/>
                <TextEquiv>
                    <Unicode>wäre dann der übermässige Dreiklang, Accord entschie¬</Unicode>
                </TextEquiv>
            </TextLine>
            <TextLine id="r1l32" custom="readingOrder {index:10;} textStyle {offset:39; length:7;italic:true; fontSize:0.0; kerning:0;} textStyle {offset:48; length:7;italic:true; fontSize:0.0; kerning:0;}">
                <Coords points="236,1994 1113,2002 1277,1989 1277,1946 236,1952"/>
                <Baseline points="243,1981 294,1981 345,1981 397,1982 448,1982 499,1982 551,1982 602,1982 653,1982 705,1982 756,1982 807,1982 859,1982 910,1982 961,1982 1013,1982 1064,1982 1115,1981 1167,1981 1218,1981 1270,1981"/>
                <TextEquiv>
                    <Unicode>denster Zweiheit. Daher die Dreiklänge G-h-des, h-des-F,</Unicode>
                </TextEquiv>
            </TextLine>
            <TextLine id="r1l33" custom="readingOrder {index:11;}">
                <Coords points="233,2042 1286,2044 1286,2009 233,2014"/>
                <Baseline points="240,2034 294,2034 349,2035 404,2035 458,2035 513,2035 568,2035 622,2035 677,2035 732,2035 786,2035 841,2035 896,2034 950,2034 1005,2034 1060,2034 1114,2034 1169,2033 1224,2033 1279,2033"/>
                <TextEquiv>
                    <Unicode>welche im C-Mollsysteme durch den Uebertritt nach der</Unicode>
                </TextEquiv>
            </TextLine>
            <TextLine id="r1l34" custom="readingOrder {index:12;}">
                <Coords points="226,2095 1281,2098 1281,2068 1206,2051 808,2051 772,2079 698,2051 226,2051"/>
                <Baseline points="232,2087 284,2087 336,2088 388,2088 440,2088 492,2088 544,2089 596,2089 648,2089 700,2089 753,2089 805,2089 857,2089 909,2089 961,2088 1013,2088 1065,2088 1117,2088 1169,2087 1221,2087 1274,2086"/>
                <TextEquiv>
                    <Unicode>Unterdominantseite entstehen, allezeit mehr der F-Mollton¬</Unicode>
                </TextEquiv>
            </TextLine>
            <TextEquiv>
                <Unicode>59. Das Molltonartsystem kann aus Gründen, die in&#13;
seiner von der Durtonart verschiedenen Natur liegen, eine&#13;
Fortrückung nach der Unterdominantseite eben auch nur&#13;
unter sehr beschränkenden Umständen zulassen. Die Auf¬&#13;
nahme eines Gliedes der Unterdominantreihe würde die&#13;
positive Voraussetzung, dasjenige, woraus die Generation&#13;
der Tonart hervorgegangen ist, angreifen, sie würde den&#13;
Oberdominantaccord seiner Quint berauben, und der erste&#13;
Accord, welcher an dieser Oberdominantseite erschiene,&#13;
wäre dann der übermässige Dreiklang, Accord entschie¬&#13;
denster Zweiheit. Daher die Dreiklänge G-h-des, h-des-F,&#13;
welche im C-Mollsysteme durch den Uebertritt nach der&#13;
Unterdominantseite entstehen, allezeit mehr der F-Mollton¬</Unicode>
            </TextEquiv>
        </TextRegion>
    </Page>
</PcGts>
