1444 2597
701 211 783 257 326
205 307 1266 355 heben wollen. In dieser Bedeutung ist dem letzten Momente
208 363 1259 403 auch ein verhältnissmässiger Grad von Accent ertheilt,
210 414 1269 468 sofern es gegen das unmittelbar vorangegangene Glied
213 468 1273 507 ein Doppeltes desselben, wie es gegen das erste ein
202 516 1270 570 Halbes, und damit eben Entgegengesetztes, $$MATH und $$MATH,
204 571 402 611 in sich ist.
296 620 1273 667 129. Mit den drei Momenten der ungleichzeitigen
209 675 542 732 Gliedesgliederung:
205 1036 1258 1106 ist aber diese rhythmische Bestimmung wieder geschlossen,
217 1099 1261 1155 wie die metrische mit dem Zwei-, Drei- und Vierfachen,
209 1159 1258 1203 die harmonische mit Octav, Quint und Terz geschlossen ist.
209 1204 1256 1252 Fernere Gliederung des Gliedes könnte nur wieder metrisch-
208 1260 1264 1315 gleichzeitige sein, oder wieder an einem gleichzeitigen
201 1309 1261 1354 kleineren Gliede die ungleichzeitige, im zweiten oder drit¬
205 1363 1005 1411 ten Begriffsmomente derselben, wiederholen.
289 1420 1266 1458 130. Wie die ungleichzeitige Gliedesgliederung als
207 1481 1269 1524 gleich-dreizeitige metrische erscheinen kann, in welchem
208 1524 1265 1571 Sinne sie auch als Tactart mit ³⁄₈, ⁶⁄₈, ⁹⁄₈, ¹²⁄₈ bezeichnet
209 1587 1260 1618 wird; auch dann, wenn, wie in dem vorher erwähnten
198 1633 1258 1675 Symphoniesatze, eine wirkliche Theilung des betreffenden
203 1683 1257 1732 Tacttheiles in drei gleiche Theile nicht vorkommt; so wird
202 1732 1255 1787 auch das dreizeitige Metrum einen Gesichtspunct bieten,
204 1787 1254 1836 aus welchem es sich als ungleich-zweizeitiges, als Folge
206 1850 1258 1892 von Länge und Kürze, oder Kürze und Länge betrachten
204 1891 1262 1939 lässt. Es kann das erste Gliederpaar der dreizeitigen For¬
197 1941 1264 1987 mation sich als ungetheilte Einheit geltend machen; dann
206 1995 1256 2044 bleibt von dem anderen Gliederpaare die Hälfte, das ein¬
193 2058 1260 2107 zelne Glied als ergänzender Theil übrig, und wir erhalten
