1444 2597
665 236 751 283 269
263 331 1243 388 Wir fühlen auch deutlich, dass bei Accentuirung der
178 380 1241 427 ersten und dritten Zeit, und absoluter Accentlosigkeit der
177 436 1234 484 mittleren, auf die dritte nicht wieder eine accentuirte erste
179 491 1237 532 folgen kann; sondern dass eine accentlose, als letzte, die
179 539 1060 586 Form beschliessen, oder als erste beginnen muss.
265 595 1235 643 62. Hier tritt aber eben jene folgevermittelnde Trenn¬
178 652 1177 706 ung des Mittelmomentes in ein und anderes Relative ein,
180 892 1233 935 durch welche in diesem selbst wieder ein positiv-relatives
175 939 1228 987 Beziehungsverhältniss sich bilden kann. Sofern die Mit¬
173 1002 1235 1051 telzeit nun aber eine getrennt-verbundene wird, ist sie
174 1052 1240 1090 nicht mehr absolut accentlos; ihre erste Hälfte erhält den
177 1100 1234 1147 Accent, der in dieser niederen Ordnung ihr zufallen muss:
185 1251 1232 1299 damit ist dieser dreizeitige Rhythmus wieder zu dem
174 1307 1235 1347 Puncte zurückgekehrt, von welchem er ausgegangen, und
183 1356 1229 1406 zeigt sich eben auch hier als zusammengezogener vier¬
182 1411 322 1467 zeitiger.
272 1467 1240 1508 63. Dass auch ein vierzeitiges Metrum mit der Be¬
176 1516 1234 1563 tonung der ersten und vierten Zeit angewendet erscheinen
184 1564 1236 1619 kann, darf so wenig mit dem hier Dargelegten in Wider¬
177 1627 1242 1668 spruch gefunden werden, als es überhaupt daraus erklärt
179 1682 1238 1731 sein will. Die Erklärung solcher Rhythmen ergibt sich
178 1733 1240 1780 später bei der Betrachtung der Syncope. Es ist aber auch
173 1779 607 1842 bei dieser Accentuirung
186 1931 1240 1979 die dritte Zeit keineswegs eine völlig accentlose; als solche
185 1988 1242 2027 könnte sie im doppel-zweizeitigen Metrum nicht eine erste
185 2035 1248 2082 Stelle einnehmen: ihr Accent niederer Ordnung wird nur
180 2092 1092 2131 von dem syncopischen Accente in Schatten gestellt.
