1444 2597
701 225 777 276 243
203 323 1262 379 was in den Begriff einer einheitlichen Folge zusammenge¬
205 375 1260 419 fasst werden soll, nicht einen wiederholten, einen mehr¬
210 437 1265 475 maligen, sondern eben nur einen Anfang, ein Erstes
204 483 1271 530 haben kann, so wird in jeder Ordnung der Formation ein
210 531 1264 587 Glied das erste, das folgende gleiche das andere sein; und
211 587 1261 635 wenn die Formation weiter geführt werden soll, so kön¬
208 650 1279 691 nen nur diese beiden verbunden wieder ein erstes Glied
205 692 849 739 zu einem folgenden Gleichen bilden.
401 779 1057 828 a) Zweifach, im dreizeitigen Metrum.
287 859 1267 900 37. Ohne Combination mehrerer übereinander beste¬
211 908 1266 956 henden Ordnungen ist aber nur das einfach-zweizeitige
209 963 1270 1011 Metrum. Das dreizeitige enthält schon ein Erstes und
210 1019 1263 1059 Zweites höherer Ordnung, ein erstes und zweites Glieder¬
204 1076 1260 1123 paar als Glieder, die hier nur noch nicht, wie im vier¬
205 1125 1269 1170 zeitigen, völlig auseinandergetreten sind. Es hat aber das
211 1171 1266 1235 zweite in der Mitte des ersten beginnende Paar gegen die¬
209 1235 1273 1276 ses erste die secundäre Bedeutung, wie das zweite im
216 1284 1267 1331 doppel-zweizeitigen Metrum; und wie hier das zweite
208 1332 1261 1388 gegen das erste accentlos ist, so fehlt auch dem in der
210 1387 1261 1435 Mitte des ersten beginnenden zweiten Gliede höherer Ord¬
205 1451 1262 1499 nung der Accent dieser Ordnung. Somit erhält das
215 1506 1257 1540 zweite Dritttheil des dreitheiligen Metrums nur den Ac¬
214 1547 1259 1596 cent, der ihm als erster Zeit im Gliederpaare der niede¬
213 1603 1272 1644 ren Ordnung zukommt. Diesen hat es an sich in gleicher
210 1651 1271 1699 Stärke wie das erste Dritttheil. Das erste Dritttheil trägt
214 1707 1269 1755 aber den Accent der höheren Ordnung: den des ersten
209 1769 1271 1819 der Paare; und dieser ist es, welcher die erste Zeit des
213 1811 1267 1859 dreitheiligen Metrums vor der zweiten als die hauptsäch¬
212 1867 753 1915 lich betonte hervortreten lässt.
298 1916 1270 1963 So ist im dreizeitigen Metrum die erste Zeit das Starke
209 1971 1274 2019 im Starken; die zweite das Schwache im Starken, und
213 2020 1275 2076 das Starke im Schwachen: die dritte das Schwache im
206 2083 433 2123 Schwachen.
