1444 2597
726 235 786 282 82
216 327 1288 372 klange zur Septimenharmonie zusammen. Die dritte Art
224 382 1280 435 wird, auf gleiche Weise fortschreitend, ihren Weg durch
229 435 1281 483 den Moll- und den Dominantdreiklang nach dem ver¬
216 498 1280 531 minderten Dreiklange nehmen, und diesen letzteren
230 549 1280 596 mit dem Dominantdreiklange verbunden als Septimen¬
226 594 1276 636 accord hören lassen müssen. Denn die gleichzeitige Ac¬
216 657 1284 690 cordverbindung selbst kann, wie wir es schon bei den
221 699 1273 745 Uebergängen der zweiten Art wahrgenommen haben, alle¬
227 759 1280 795 zeit nur zwischen den beiden letzten Terz-verwandten
223 804 649 851 Dreiklängen stattfinden.
306 851 1285 900 Beim Uebergange von C-e-G nach D|F-a würde demnach
227 909 1287 956 der Septimenaccord D-F-a-C, beim Uebergange von C-e-G
226 964 1290 1011 nach h-D|F der Septimenaccord G-h-D-F entstehen, beide
221 1011 1293 1059 in einer den Bedingungen der Succession entsprechenden
226 1067 494 1123 Intervallenlage.
313 1123 1291 1164 Wenn wir den Mechanismus dieser Formation betrach¬
226 1172 471 1227 ten; so ist er
312 1235 902 1283 1) Nach der Unterdominantseite:
315 1387 892 1436 2) Nach der Oberdominantseite:
321 1531 1285 1579 123. Für die Dreiklangsfolge an sich, ohne deren Be¬
229 1594 1282 1636 ziehung auf die Septimenformation, könnte von diesem drei¬
237 1644 1290 1689 fach zusammengezogenen Fortgange zu Vermittlung zweier
228 1706 1288 1747 getrennter Dreiklänge nicht die Rede sein; denn der vierte
233 1747 1288 1795 Dreiklang enthält keinen Ton des ersten mehr, an dem die
233 1803 1286 1850 Bildung dieses Dreiklanges als eine Umbildung aus dem
230 1866 1290 1907 ersten sich könnte erkennen lassen. Getrennte Dreiklänge
235 1908 1291 1954 konnten sich zu unmittelbarer Aufeinanderfolge nur ver¬
232 1964 1285 2004 binden, wenn für den Ausgangsdreiklang ein ihm und dem
231 2021 1287 2068 unverbundenen verwandter gesetzt wurde: im Uebergange
236 2068 1281 2112 von C-e-G nach D|F-a war der Dreiklang a-C-e, im Ueber¬
