1444 2597
705 227 795 274 362
218 324 1288 359 Kürze die unbetonte, die accentlose. Dort ist die Kunst¬
226 371 1292 427 gestaltung eine für sich bestehende, vom Gemüths- und
235 428 1276 471 Verstandesleben des Dargestellten nicht direct afficirte;
234 482 1284 523 denn die Sylbenquantität ist nicht von der logischen Be¬
230 533 1276 580 deutung bestimmt: die kurze Sylbe kann die logisch be¬
230 588 1096 633 tonte, die lange logisch accentlos im Worte sein.
312 636 1285 684 Soweit also die Versbildung nach Quantitätsbestim¬
225 698 1284 740 mung geschieht, ist ihre metrische Beschaffenheit vom
230 748 1290 803 sinnigen Inhalte ganz unabhängig. Die Form ist damit
236 795 1285 843 eine selbständigere, sie kann an sich von metrisch-
232 852 1279 901 künstlerischer Bedeutsamkeit sein. Dem modernen Verse,
230 900 1284 954 der seine Accente in der logischen Sylbenbedeutung findet,
228 955 1288 1003 fehlt diese Selbständigkeit der formellen Bildung; die Form
234 1013 1296 1066 geht hier am Inhalte auf, geht an ihm verloren: sie ist
228 1060 1285 1107 überhaupt, wenn wir die modernen Versmetra mit den
233 1115 1287 1155 antiken vergleichen, von künstlerisch unerheblicherer Be¬
238 1164 1287 1211 deutung. Wo jene in ihren Strophen an rhythmischer
233 1220 1285 1267 Gliederung unerschöpfliche Mannigfaltigkeit gewähren, be¬
235 1275 1283 1322 stehen unsere Strophenverse meist nur in einem zwei-,
237 1323 1282 1379 drei- oder vierzeitig gemessenen Wechsel von Hebung
233 1380 1289 1427 und Senkung. Das metrische Kunstelement ist dar¬
229 1442 1291 1483 an so gering und wird so sehr von dem poetischen In¬
235 1483 1284 1530 halte, von der logischen Wortbedeutung absorbirt, dass
228 1532 1287 1579 es hier, um den Vers nicht ganz kunstlos werden zu las¬
235 1594 1284 1635 sen, eines anderen als des metrischen Elementes bedarf:
228 1644 1287 1699 eines solchen, das wieder formell selbständig den Inhalt
235 1691 1289 1738 frei zu tragen geeignet sei. Das ist der Reim, die Asso¬
222 1742 1291 1803 nanz, die Alliteration. Diese Klangbedingungen sind
225 1805 1287 1843 am Inhalte sowenig betheiligt, als es das quantitirte Metrum
231 1852 1291 1899 ist. Die inneren Beziehungen, welche zwischen gereimten
226 1899 1287 1948 Worten sich zuweilen einstellen, wie wenn „Herz” und
236 1961 1282 2010 „Schmerz”; „Kuss” und „Gruss” gereimt werden, sind nur
229 2019 1285 2067 ganz zufällige: es ist keinesweges das Bestreben des Rei¬
230 2070 1280 2107 mes, solche aufzusuchen; er besteht rein nur im Gleich¬
229 2108 1293 2169 klange und nur als Kunstform an sich. Ebenso die Asso¬
