1444 2597
693 221 780 267 266
205 467 469 523 gleichzusetzen.
292 516 593 562 Die andere aber:
201 749 1261 795 setzt ein Morgen als Gestern; das erste zu einem
212 807 1259 852 vorausgegangenen, das andere zu einem zukünftigen Heut.
205 851 1264 899 Es ist dies derselbe Widerspruch, dem wir im Quint- oder
206 908 1262 954 Entzweiungsmomente der Tonartbildung schon begegnet
208 963 1268 1003 sind, wenn der Dreiklang, in sich entgegengesetzt, zu
203 1012 1109 1059 Ober- und Unter-Dominantaccord bestimmt wird:
206 1188 1254 1234 ein Widerspruch, der sich im Terzmomente darin löste,
205 1238 1263 1290 dass dieser Dreiklang aus einem zweiseitig bestimmten,
204 1292 1272 1345 ein zweiseitig bestimmender, dass er tonischer Dreiklang
204 1347 338 1387 wurde.
285 1396 475 1444 Die Form:
201 1610 1265 1659 drückt einen natürlichen Zeitbegriff aus; ebenso die ent¬
202 1659 459 1707 gegengesetzte:
206 1859 1259 1908 die erste setzt Morgen als Heut zu einem anderen Mor¬
205 1923 1266 1971 gen: dem Uebermorgen; — die zweite setzt Gestern
201 1976 1262 2019 als Heut zu einem anderen Gestern: dem Vorgestern.
201 2019 1269 2068 Erstere beginnt mit dem Positiven (Heut), und wandelt ihr
197 2076 1248 2123 Relatives (Morgen) wieder um zu Positivem (Heut). —
