1444 2597
677 274 745 323 69
173 371 1233 419 klängen: aus C-e-G nach D|F-a und h-D|F, durch welche
169 421 1229 467 für den ersten die Lage a-D-F für den zweiten die Lage
173 475 1227 523 D-F-h entsteht, ist die Quart-sextlage a-D-F factisch aller¬
176 539 1234 582 dings aus dem primären a-C-e, die Terz-sextlage D-F-h aus
175 593 1218 627 e-G-h hervorgegangen; an sich aber sind durch die secun¬
177 643 1234 690 dären Accordformen diese Herleitungen nicht bestimmt, sie
169 685 1225 739 können ebensowohl in a-D-F auf den primären Dreiklang
180 740 1223 787 h-D|F, in D-F-h auf den primären Dreiklang D|F-a zurück¬
175 796 1229 851 geführt werden; denn die Uebergänge aus diesen als pri¬
172 853 1227 899 mär gesetzten Dreiklängen lassen dieselben secundären
173 898 1236 949 Lagen jener beiden resultiren, wie wir sie aus a-C-e und
174 954 561 995 e-G-h erhalten haben.
260 1004 1223 1051 96. Durch das Vorhandensein dieser zweifachen Her¬
176 1060 1235 1114 leitung für jede secundäre Accordlage ist die Vermittlung
174 1107 1230 1155 aus einer solchen nach den unverbundenen Dreiklängen
173 1163 583 1220 beider Seiten gegeben.
255 1212 1228 1259 97. Die von D|F-a getrennten Dreiklänge sind hier:
173 1267 1227 1315 C-e-G und e-G-h; die von h-D|F getrennten: a-C-e und
173 1324 1224 1378 C-e-G. Aus der Lage a-D-F wird, durch a-C-e vermittelt,
180 1371 1229 1419 für den C-Durdreiklang die Quart-sextlage G-C-e, für den
171 1435 1228 1483 e-Molldreiklang, durch h-D|F vermittelt, die Quart-sextlage
175 1483 1234 1523 h-e-G entstehen. Der letzte Dreiklang vermittelt sich aber
180 1531 1218 1579 auch durch a-C-e, woraus dann für denselben die Terz¬
176 1591 1228 1643 sextlage G-h-e sich ergeben würde. Aus der Lage D-F-h
174 1649 1224 1692 wird, durch D|F-a vermittelt, der a-Molldreiklang in der
173 1691 1228 1740 Terz-sextlage C-e-a, der C-Durdreiklang, durch e-G-h ver¬
179 1754 1230 1795 mittelt, auch in der Terz-sextlage e-G-C hervorgehen. Auch
173 1796 1224 1843 hier ist der a-Molldreiklang noch durch e-G-h zu vermit¬
173 1856 1035 1906 teln und erhält sodann die Quart-sextlage e-a-C.
269 1900 1223 1955 98. Man sieht, dass beide verminderte Dreiklänge,
181 1964 1221 2012 aus ihren secundären Lagen nach dem Dreiklange der To¬
176 2019 1224 2059 nica zurückgeführt, aus welchem sie gekommen waren,
182 2069 1225 2119 nicht wieder in die primäre Lage dieses Accordes leiten
168 2116 1232 2157 können, wie überhaupt ein secundärer Accord niemals die
