<?xml version="1.0" encoding="UTF-8" standalone="yes"?>
<PcGts xmlns="http://schema.primaresearch.org/PAGE/gts/pagecontent/2013-07-15" xmlns:xsi="http://www.w3.org/2001/XMLSchema-instance" xsi:schemaLocation="http://schema.primaresearch.org/PAGE/gts/pagecontent/2013-07-15 http://schema.primaresearch.org/PAGE/gts/pagecontent/2013-07-15/pagecontent.xsd">
    <Metadata>
        <Creator>prov=University of Rostock/Institute of Mathematics/CITlab|PLANET AI GmbH/Gundram Leifert/gundram.leifert@planet-ai.de:name=ONB_Newseye_GT_M1+(htr_id=10810)::::v=2.6.7
prov=University of Rostock/Institute of Mathematics/CITlab|PLANET AI GmbH/Tobias Gruening/tobias.gruening@planet-ai.de:name=de.uros.citlab.module.baseline2polygon.B2PSeamMultiOriented:v=2.6.7
prov=University of Rostock/Institute of Mathematics/CITlab|PLANET AI GmbH/Tobias Gruening/tobias.gruening@planet-ai.de:name=/net_tf/LA73_249_0mod360.pb:de.uros.citlab.segmentation.CITlab_LA_ML:v=2.6.6
Transkribus</Creator>
        <Created>2021-02-02T15:22:35.246+01:00</Created>
        <LastChange>2021-09-01T11:47:51.445+02:00</LastChange>
        <TranskribusMetadata docId="764523" pageId="28718981" pageNr="112" tsid="63865132" status="DONE" userId="74363" imgUrl="https://files.transkribus.eu/Get?id=ZEUPAWVVSXFJWJCIKOZMUVPJ&amp;fileType=view" xmlUrl="https://files.transkribus.eu/Get?id=QNDOYOOCQAATFETQVLJVNKUG" imageId="22439486"/>
    </Metadata>
    <Page imageFilename="Hauptmann1853-0121.jpg" imageWidth="1444" imageHeight="2597" type="content">
        <ReadingOrder>
            <OrderedGroup id="ro_1630595903338" caption="Regions reading order">
                <RegionRefIndexed index="0" regionRef="TextRegion_1612547247832_143"/>
                <RegionRefIndexed index="1" regionRef="TextRegion_1612547247832_142"/>
                <RegionRefIndexed index="2" regionRef="TextRegion_1612547244040_138"/>
            </OrderedGroup>
        </ReadingOrder>
        <TextRegion orientation="0.0" type="page-number" id="TextRegion_1612547247832_143" custom="readingOrder {index:0;} structure {type:page-number;}">
            <Coords points="213,262 1278,262 1278,320 213,320"/>
            <TextLine id="r1l1" custom="readingOrder {index:0;}">
                <Coords points="702,289 710,290 722,300 745,300 748,297 785,299 787,257 774,256 770,260 704,259"/>
                <Baseline points="709,288 744,290 779,292"/>
                <TextEquiv>
                    <Unicode>102</Unicode>
                </TextEquiv>
            </TextLine>
            <TextEquiv>
                <Unicode>102</Unicode>
            </TextEquiv>
        </TextRegion>
        <TextRegion orientation="0.0" type="paragraph" id="TextRegion_1612547247832_142" custom="readingOrder {index:1;} structure {type:paragraph;}">
            <Coords points="213,320 1278,320 1278,1033 213,1033"/>
            <TextLine id="r1l2" custom="readingOrder {index:0;}">
                <Coords points="297,386 1267,394 1267,352 1224,348 615,373 589,347 392,372 297,353"/>
                <Baseline points="303,383 350,383 398,384 446,384 494,384 542,384 590,384 638,384 686,383 734,383 782,383 829,383 877,383 925,383 973,382 1021,382 1069,383 1117,383 1165,383 1213,383 1261,384"/>
                <TextEquiv>
                    <Unicode>152. So ist auch, ganz allgemein genommen, zu jeden</Unicode>
                </TextEquiv>
            </TextLine>
            <TextLine id="r1l3" custom="readingOrder {index:1;} m_note {offset:10; length:4;}">
                <Coords points="209,452 1212,459 1269,453 1269,419 208,405"/>
                <Baseline points="215,436 267,437 319,437 372,437 424,437 476,437 529,436 581,436 633,436 686,436 738,435 790,435 843,435 895,435 947,435 1000,435 1052,435 1104,435 1157,436 1209,436 1262,437"/>
                <TextEquiv>
                    <Unicode>liegenden Tone der nächste darüber liegende anzuschlagen,</Unicode>
                </TextEquiv>
            </TextLine>
            <TextLine id="r1l4" custom="readingOrder {index:2;}">
                <Coords points="207,500 1278,500 1278,460 207,467"/>
                <Baseline points="214,490 266,490 319,490 372,490 425,490 478,490 531,490 583,490 636,490 689,489 742,489 795,489 848,489 901,489 953,489 1006,489 1059,489 1112,489 1165,489 1218,489 1271,489"/>
                <TextEquiv>
                    <Unicode>aber nicht der zunächst darunter liegende. Jener ist allezeit</Unicode>
                </TextEquiv>
            </TextLine>
            <TextLine id="r1l5" custom="readingOrder {index:3;} textStyle {offset:27; length:8;fontSize:0.0; kerning:0; letterSpaced:true;} m_note {offset:27; length:8;}">
                <Coords points="218,555 1267,563 1267,519 1199,508 218,516"/>
                <Baseline points="225,542 276,542 328,542 380,542 432,543 483,543 535,543 587,543 639,543 690,543 742,543 794,543 846,542 897,542 949,542 1001,542 1053,542 1104,542 1156,543 1208,543 1260,543"/>
                <TextEquiv>
                    <Unicode>ein Positives, Erstes, ein Grundton; dieser ein Relatives,</Unicode>
                </TextEquiv>
            </TextLine>
            <TextLine id="r1l6" custom="readingOrder {index:4;} textStyle {offset:18; length:5;fontSize:0.0; kerning:0; letterSpaced:true;} m_interval {offset:18; length:5;}">
                <Coords points="216,603 1274,602 1230,564 216,570"/>
                <Baseline points="223,596 275,596 327,596 379,596 431,596 484,596 536,595 588,595 640,595 692,595 745,595 797,595 849,595 901,595 953,595 1006,595 1058,595 1110,595 1162,595 1214,595 1267,595"/>
                <TextEquiv>
                    <Unicode>ein Zweites, eine Quint. Daher unter allen Umständen</Unicode>
                </TextEquiv>
            </TextLine>
            <TextLine id="r1l7" custom="readingOrder {index:5;}">
                <Coords points="210,660 514,690 568,656 1279,658 1279,620 210,616"/>
                <Baseline points="216,649 268,649 321,650 374,650 427,651 480,651 532,651 585,651 638,650 691,650 744,650 796,649 849,649 902,649 955,648 1008,648 1060,648 1113,648 1166,648 1219,648 1272,648"/>
                <TextEquiv>
                    <Unicode>die Form $$GRAPHIC eine richtige, die entgegengesetzte</Unicode>
                </TextEquiv>
            </TextLine>
            <TextLine id="r1l8" custom="readingOrder {index:6;}">
                <Coords points="218,738 288,776 435,737 1133,755 1277,746 1277,703 384,718 350,684 265,684 218,718"/>
                <Baseline points="225,735 277,736 329,736 381,736 434,736 486,736 538,737 591,737 643,737 695,737 748,737 800,737 852,738 904,738 957,738 1009,738 1061,738 1114,737 1166,737 1218,737 1271,737"/>
                <TextEquiv>
                    <Unicode>$$GRAPHIC nur unter besonderen Bedingungen eine</Unicode>
                </TextEquiv>
            </TextLine>
            <TextLine id="r1l9" custom="readingOrder {index:7;} concept_mus {offset:25; length:13;}">
                <Coords points="217,826 1257,819 1265,785 217,787"/>
                <Baseline points="223,813 274,812 326,812 378,812 430,812 481,812 533,812 585,812 637,812 688,812 740,812 792,812 844,812 895,812 947,812 999,812 1051,812 1102,811 1154,811 1206,811 1258,810"/>
                <TextEquiv>
                    <Unicode>zulässige sein wird. Der Zusammenklang zweier neben¬</Unicode>
                </TextEquiv>
            </TextLine>
            <TextLine id="r1l10" custom="readingOrder {index:8;} m_note {offset:18; length:4;}">
                <Coords points="213,876 1285,875 1285,839 213,843"/>
                <Baseline points="220,865 272,865 325,865 378,865 431,865 484,865 537,865 590,865 643,865 696,865 749,865 801,865 854,865 907,865 960,865 1013,864 1066,864 1119,864 1172,864 1225,864 1278,863"/>
                <TextEquiv>
                    <Unicode>einanderliegender Töne wird, wenn der tiefere nach dem.</Unicode>
                </TextEquiv>
            </TextLine>
            <TextLine id="r1l11" custom="readingOrder {index:9;}">
                <Coords points="207,931 1272,932 1256,892 207,884"/>
                <Baseline points="213,918 265,918 318,918 370,917 423,917 476,917 528,917 581,917 634,917 686,917 739,917 792,917 844,917 897,917 950,917 1002,917 1055,917 1108,917 1160,917 1213,918 1266,918"/>
                <TextEquiv>
                    <Unicode>höheren folgt, besondere Vorkommenheiten ausgenommen,</Unicode>
                </TextEquiv>
            </TextLine>
            <TextLine id="r1l12" custom="readingOrder {index:10;}">
                <Coords points="213,978 1047,979 1031,947 951,939 213,948"/>
                <Baseline points="219,972 260,972 301,972 342,972 383,972 424,972 465,972 506,972 547,972 588,972 629,972 670,972 711,972 752,972 793,972 834,972 875,972 916,972 957,971 998,971 1040,971"/>
                <TextEquiv>
                    <Unicode>nur in der Form $$GRAPHIC erscheinen können.</Unicode>
                </TextEquiv>
            </TextLine>
            <TextEquiv>
                <Unicode>152. So ist auch, ganz allgemein genommen, zu jeden&#13;
liegenden Tone der nächste darüber liegende anzuschlagen,&#13;
aber nicht der zunächst darunter liegende. Jener ist allezeit&#13;
ein Positives, Erstes, ein Grundton; dieser ein Relatives,&#13;
ein Zweites, eine Quint. Daher unter allen Umständen&#13;
die Form $$GRAPHIC eine richtige, die entgegengesetzte&#13;
$$GRAPHIC nur unter besonderen Bedingungen eine&#13;
zulässige sein wird. Der Zusammenklang zweier neben¬&#13;
einanderliegender Töne wird, wenn der tiefere nach dem.&#13;
höheren folgt, besondere Vorkommenheiten ausgenommen,&#13;
nur in der Form $$GRAPHIC erscheinen können.</Unicode>
            </TextEquiv>
        </TextRegion>
        <TextRegion orientation="0.0" id="TextRegion_1612547244040_138" custom="readingOrder {index:2;} structure {type:paragraph-continued;}">
            <Coords points="213,1033 1278,1033 1278,2165 213,2165"/>
            <TextLine id="r1l13" custom="readingOrder {index:0;}">
                <Coords points="292,1067 1281,1072 1281,1038 1229,1027 955,1053 292,1043"/>
                <Baseline points="299,1065 347,1066 396,1066 445,1067 494,1067 542,1067 591,1067 640,1067 689,1067 737,1067 786,1067 835,1067 884,1067 932,1067 981,1066 1030,1066 1079,1066 1127,1066 1176,1066 1225,1065 1274,1065"/>
                <TextEquiv>
                    <Unicode>153. Hieraus wird sich erweisen, warum von den</Unicode>
                </TextEquiv>
            </TextLine>
            <TextLine id="r1l14" custom="readingOrder {index:1;} m_chord {offset:16; length:16;} concept_mus {offset:46; length:6;}">
                <Coords points="213,1130 1279,1129 1279,1091 213,1085"/>
                <Baseline points="220,1118 272,1119 325,1119 377,1120 430,1120 483,1120 535,1120 588,1120 640,1121 693,1121 746,1121 798,1120 851,1120 903,1120 956,1120 1009,1120 1061,1120 1114,1120 1166,1119 1219,1119 1272,1119"/>
                <TextEquiv>
                    <Unicode>früher (123) zu Septimenaccorden construirten Folgen, aus</Unicode>
                </TextEquiv>
            </TextLine>
            <TextLine id="r1l15" custom="readingOrder {index:2;} m_chord {offset:6; length:10;}">
                <Coords points="217,1181 1268,1187 1268,1149 1176,1140 217,1148"/>
                <Baseline points="224,1171 275,1171 327,1172 379,1172 431,1173 483,1173 535,1173 587,1173 639,1174 691,1174 743,1174 794,1174 846,1174 898,1173 950,1173 1002,1173 1054,1173 1106,1172 1158,1172 1210,1171 1262,1171"/>
                <TextEquiv>
                    <Unicode>einem Dreiklange in einen anderen ihm nicht verbundenen,</Unicode>
                </TextEquiv>
            </TextLine>
            <TextLine id="r1l16" custom="readingOrder {index:3;} concept_mus {offset:32; length:18;}">
                <Coords points="213,1235 1265,1243 1265,1197 1191,1188 213,1202"/>
                <Baseline points="219,1224 273,1224 328,1224 383,1225 437,1225 492,1226 547,1226 601,1226 656,1227 711,1227 765,1227 820,1227 875,1227 929,1227 984,1227 1039,1227 1093,1226 1148,1225 1203,1225 1258,1224"/>
                <TextEquiv>
                    <Unicode>nur diejenigen, welche nach der Unterdominantseite führen,</Unicode>
                </TextEquiv>
            </TextLine>
            <TextLine id="r1l17" custom="readingOrder {index:4;} concept_mus {offset:30; length:17;}">
                <Coords points="214,1291 1249,1299 1277,1248 214,1253"/>
                <Baseline points="220,1277 272,1277 325,1278 377,1278 430,1278 482,1279 535,1279 587,1279 640,1279 692,1279 745,1280 797,1280 850,1280 902,1280 955,1279 1007,1279 1060,1279 1112,1279 1165,1279 1217,1279 1270,1279"/>
                <TextEquiv>
                    <Unicode>richtig klingen; die nach der Oberdominantseite aber, mit</Unicode>
                </TextEquiv>
            </TextLine>
            <TextLine id="r1l18" custom="readingOrder {index:5;} textStyle {offset:21; length:15;italic:true; fontSize:0.0; kerning:0;} m_chord {offset:21; length:5;} m_chord {offset:29; length:7;} concept_mus {offset:47; length:6; continued:true;}">
                <Coords points="218,1337 955,1356 1269,1331 1269,1308 1088,1300 771,1321 218,1292"/>
                <Baseline points="224,1331 275,1331 327,1331 379,1331 431,1331 483,1331 535,1331 587,1331 639,1332 691,1332 743,1332 794,1332 846,1332 898,1332 950,1332 1002,1332 1054,1332 1106,1332 1158,1331 1210,1330 1262,1330"/>
                <TextEquiv>
                    <Unicode>Ausnahme der ersten (C-e-G...h-D-F-G), widrig, unver¬</Unicode>
                </TextEquiv>
            </TextLine>
            <TextLine id="r1l19" custom="readingOrder {index:6;} concept_mus {offset:0; length:7; continued:true;} concept_mus {offset:12; length:9;} concept_mus {offset:27; length:5;} m_chord {offset:41; length:10;} textStyle {offset:52; length:5;italic:true; fontSize:0.0; kerning:0;} m_chord {offset:52; length:5;}">
                <Coords points="216,1395 1134,1403 1271,1395 1271,1347 216,1356"/>
                <Baseline points="223,1382 275,1383 327,1383 379,1384 431,1384 483,1385 535,1385 587,1385 639,1385 691,1385 743,1386 795,1386 847,1386 899,1386 951,1385 1003,1385 1055,1385 1107,1384 1159,1384 1211,1384 1264,1383"/>
                <TextEquiv>
                    <Unicode>mittelt und quinthaft. Die Folge aus dem Dreiklange C-e-G</Unicode>
                </TextEquiv>
            </TextLine>
            <TextLine id="r1l20" custom="readingOrder {index:7;} m_chord {offset:9; length:10;} textStyle {offset:20; length:5;italic:true; fontSize:0.0; kerning:0;} m_chord {offset:20; length:5;} m_chord {offset:38; length:14;}">
                <Coords points="214,1443 1269,1451 1269,1403 214,1411"/>
                <Baseline points="220,1435 272,1436 324,1436 376,1437 428,1437 480,1437 532,1437 585,1438 637,1438 689,1438 741,1437 793,1437 845,1437 897,1437 950,1437 1002,1437 1054,1437 1106,1437 1158,1438 1210,1438 1263,1438"/>
                <TextEquiv>
                    <Unicode>nach dem Dreiklange D|F-a, welche als Septimenaccord</Unicode>
                </TextEquiv>
            </TextLine>
            <TextLine id="r1l21" custom="readingOrder {index:8;} textStyle {offset:17; length:7;italic:true; fontSize:0.0; kerning:0;} m_chord {offset:17; length:7;} concept_mus {offset:51; length:6; continued:true;}">
                <Coords points="212,1499 1262,1492 1246,1459 212,1455"/>
                <Baseline points="219,1489 270,1489 322,1489 374,1489 426,1489 478,1490 529,1490 581,1490 633,1490 685,1490 737,1491 788,1491 840,1491 892,1491 944,1491 996,1491 1047,1491 1099,1491 1151,1491 1203,1491 1255,1491"/>
                <TextEquiv>
                    <Unicode>dort in der Form C-D-F-a sich ergibt, klingt nicht quint¬</Unicode>
                </TextEquiv>
            </TextLine>
            <TextLine id="r1l22" custom="readingOrder {index:9;} concept_mus {offset:0; length:4; continued:true;} m_note {offset:51; length:3;}">
                <Coords points="217,1555 1269,1556 1269,1515 1227,1508 304,1533 217,1507"/>
                <Baseline points="224,1541 278,1541 333,1542 388,1542 442,1542 497,1543 552,1543 606,1543 661,1543 716,1543 770,1543 825,1544 880,1544 934,1544 989,1544 1044,1544 1098,1544 1153,1545 1208,1545 1263,1545"/>
                <TextEquiv>
                    <Unicode>haft, weil keine Nothwendigkeit vorhanden ist, den Ton</Unicode>
                </TextEquiv>
            </TextLine>
            <TextLine id="r1l23" custom="readingOrder {index:10;} textStyle {offset:0; length:1;italic:true; fontSize:0.0; kerning:0;} m_note {offset:0; length:1;} textStyle {offset:6; length:1;italic:true; fontSize:0.0; kerning:0;} m_note {offset:6; length:1;} concept_mus {offset:34; length:17;} textStyle {offset:52; length:1;italic:true; fontSize:0.0; kerning:0;} m_note {offset:52; length:1;}">
                <Coords points="215,1604 1272,1611 1273,1570 215,1564"/>
                <Baseline points="222,1593 274,1594 326,1595 378,1596 430,1597 483,1597 535,1597 587,1598 639,1598 691,1597 744,1597 796,1597 848,1597 900,1597 952,1597 1005,1597 1057,1597 1109,1597 1161,1597 1213,1598 1266,1598"/>
                <TextEquiv>
                    <Unicode>D aus C herzuleiten, oder ihn als fortgeschrittenes C zu</Unicode>
                </TextEquiv>
            </TextLine>
            <TextLine id="r1l24" custom="readingOrder {index:11;} m_note {offset:11; length:8;} m_chord {offset:24; length:16;}">
                <Coords points="209,1659 1269,1658 1269,1628 1216,1613 599,1636 376,1612 348,1638 209,1613"/>
                <Baseline points="216,1646 268,1647 320,1648 373,1648 425,1649 477,1649 530,1649 582,1650 634,1650 687,1650 739,1650 791,1650 844,1650 896,1650 948,1650 1001,1650 1053,1650 1105,1650 1158,1650 1210,1650 1263,1650"/>
                <TextEquiv>
                    <Unicode>hören; als Grundton des Septimenaccordes kann er eben</Unicode>
                </TextEquiv>
            </TextLine>
            <TextLine id="r1l25" custom="readingOrder {index:12;} textStyle {offset:15; length:1;italic:true; fontSize:0.0; kerning:0;} m_note {offset:15; length:1;} m_chord {offset:21; length:16;}">
                <Coords points="217,1713 1269,1706 1269,1682 1110,1667 217,1675"/>
                <Baseline points="223,1699 277,1700 332,1701 387,1701 441,1702 496,1703 551,1703 605,1703 660,1704 715,1704 769,1704 824,1704 879,1704 933,1704 988,1703 1043,1703 1097,1703 1152,1702 1207,1702 1262,1701"/>
                <TextEquiv>
                    <Unicode>sowohl aus dem e des C-Durdreiklanges hergeleitet wer¬</Unicode>
                </TextEquiv>
            </TextLine>
            <TextLine id="r1l26" custom="readingOrder {index:13;} concept_mus {offset:26; length:14;}">
                <Coords points="209,1763 1268,1763 1268,1730 1182,1723 209,1722"/>
                <Baseline points="215,1753 267,1754 319,1754 371,1755 424,1755 476,1755 528,1756 581,1756 633,1756 685,1756 738,1757 790,1757 842,1757 894,1757 947,1757 999,1757 1051,1757 1104,1757 1156,1757 1208,1757 1261,1757"/>
                <TextEquiv>
                    <Unicode>den, wenn eine natürliche Fortschreitung ihn auf diesem</Unicode>
                </TextEquiv>
            </TextLine>
            <TextLine id="r1l27" custom="readingOrder {index:14;} m_chord {offset:43; length:9;} textStyle {offset:53; length:5;italic:true; fontSize:0.0; kerning:0;} m_chord {offset:53; length:5;}">
                <Coords points="219,1818 1267,1819 1238,1779 219,1772"/>
                <Baseline points="226,1803 277,1804 329,1806 381,1807 433,1808 484,1808 536,1809 588,1809 640,1810 691,1810 743,1810 795,1810 847,1810 898,1810 950,1810 1002,1810 1054,1810 1105,1809 1157,1809 1209,1809 1261,1810"/>
                <TextEquiv>
                    <Unicode>Wege einführen sollte. Setzen wir aber den Dreiklang D|F-a</Unicode>
                </TextEquiv>
            </TextLine>
            <TextLine id="r1l28" custom="readingOrder {index:15;} textStyle {offset:22; length:5;italic:true; fontSize:0.0; kerning:0;} m_chord {offset:22; length:5;} m_chord {offset:47; length:9; continued:true;}">
                <Coords points="215,1874 1267,1866 1267,1839 1176,1828 215,1835"/>
                <Baseline points="222,1860 273,1860 325,1861 377,1861 429,1861 481,1862 533,1862 585,1862 637,1863 689,1863 741,1863 792,1863 844,1863 896,1863 948,1863 1000,1863 1052,1863 1104,1863 1156,1862 1208,1862 1260,1861"/>
                <TextEquiv>
                    <Unicode>als ersten und lassen C-e-G folgen, woraus als Septimen¬</Unicode>
                </TextEquiv>
            </TextLine>
            <TextLine id="r1l29" custom="readingOrder {index:16;} m_chord {offset:0; length:6; continued:true;} concept_mus {offset:11; length:4;} textStyle {offset:16; length:7;italic:true; fontSize:0.0; kerning:0;} m_chord {offset:16; length:7;} m_interval {offset:52; length:7;}">
                <Coords points="208,1924 1276,1923 1276,1892 1215,1884 208,1892"/>
                <Baseline points="215,1913 267,1914 320,1914 373,1914 425,1915 478,1915 531,1915 583,1916 636,1916 689,1916 742,1916 794,1916 847,1916 900,1916 952,1916 1005,1916 1058,1916 1110,1916 1163,1916 1216,1916 1269,1915"/>
                <TextEquiv>
                    <Unicode>accord die Lage C-e-G-a hervorgeht, so ist hier die Septime</Unicode>
                </TextEquiv>
            </TextLine>
            <TextLine id="r1l30" custom="readingOrder {index:17;} textStyle {offset:0; length:1;italic:true; fontSize:0.0; kerning:0;} m_note {offset:0; length:1;} concept_mus {offset:19; length:17;} textStyle {offset:37; length:1;italic:true; fontSize:0.0; kerning:0;} m_note {offset:37; length:1;}">
                <Coords points="214,1979 1269,1971 1105,1931 952,1957 214,1934"/>
                <Baseline points="220,1967 272,1967 324,1967 376,1967 428,1968 480,1968 532,1968 584,1969 636,1969 688,1969 741,1969 793,1970 845,1970 897,1970 949,1970 1001,1970 1053,1969 1105,1969 1157,1968 1209,1968 1262,1967"/>
                <TextEquiv>
                    <Unicode>G entweder aus dem fortgeschrittenen a entstanden, wo¬</Unicode>
                </TextEquiv>
            </TextLine>
            <TextLine id="r1l31" custom="readingOrder {index:18;} m_chord {offset:9; length:10;} textStyle {offset:20; length:5;italic:true; fontSize:0.0; kerning:0;} m_chord {offset:20; length:5;} textStyle {offset:27; length:5;italic:true; fontSize:0.0; kerning:0;} m_chord {offset:27; length:5;} concept_mus {offset:40; length:9;} concept_mus {offset:51; length:3; continued:true;}">
                <Coords points="211,2027 1270,2026 1248,1996 905,2005 871,1980 211,1996"/>
                <Baseline points="218,2021 270,2020 322,2020 374,2020 427,2020 479,2020 531,2020 584,2020 636,2021 688,2021 741,2022 793,2022 845,2023 897,2023 950,2023 1002,2023 1054,2023 1107,2023 1159,2022 1211,2021 1264,2020"/>
                <TextEquiv>
                    <Unicode>nach die Dreiklänge D|F-a, C-e-G in der Quintlage, un¬</Unicode>
                </TextEquiv>
            </TextLine>
            <TextLine id="r1l32" custom="readingOrder {index:19;} concept_mus {offset:0; length:10; continued:true;} concept_mus {offset:32; length:5;}">
                <Coords points="206,2074 1277,2082 1277,2051 1215,2044 207,2050"/>
                <Baseline points="213,2071 265,2072 318,2073 371,2073 424,2074 477,2074 530,2074 583,2075 636,2075 689,2076 742,2076 794,2076 847,2076 900,2076 953,2076 1006,2076 1059,2076 1112,2076 1165,2075 1218,2075 1271,2074"/>
                <TextEquiv>
                    <Unicode>vermittelt, also eben nicht als Folge neben einander stehen</Unicode>
                </TextEquiv>
            </TextLine>
            <TextLine id="r1l33" custom="readingOrder {index:20;} textStyle {offset:24; length:7;italic:true; fontSize:0.0; kerning:0;} m_chord {offset:24; length:7;} m_note {offset:36; length:3;} textStyle {offset:40; length:1;italic:true; fontSize:0.0; kerning:0;} m_note {offset:40; length:1;}">
                <Coords points="212,2134 1274,2131 1203,2091 213,2099"/>
                <Baseline points="219,2126 271,2126 323,2127 376,2127 428,2127 481,2128 533,2128 585,2128 638,2129 690,2129 743,2129 795,2130 847,2130 900,2130 952,2130 1005,2130 1057,2130 1109,2129 1162,2129 1214,2128 1267,2127"/>
                <TextEquiv>
                    <Unicode>würden; oder es wird in C-e-G-a der Ton G als ein fort¬</Unicode>
                </TextEquiv>
            </TextLine>
            <TextEquiv>
                <Unicode>153. Hieraus wird sich erweisen, warum von den&#13;
früher (123) zu Septimenaccorden construirten Folgen, aus&#13;
einem Dreiklange in einen anderen ihm nicht verbundenen,&#13;
nur diejenigen, welche nach der Unterdominantseite führen,&#13;
richtig klingen; die nach der Oberdominantseite aber, mit&#13;
Ausnahme der ersten (C-e-G...h-D-F-G), widrig, unver¬&#13;
mittelt und quinthaft. Die Folge aus dem Dreiklange C-e-G&#13;
nach dem Dreiklange D|F-a, welche als Septimenaccord&#13;
dort in der Form C-D-F-a sich ergibt, klingt nicht quint¬&#13;
haft, weil keine Nothwendigkeit vorhanden ist, den Ton&#13;
D aus C herzuleiten, oder ihn als fortgeschrittenes C zu&#13;
hören; als Grundton des Septimenaccordes kann er eben&#13;
sowohl aus dem e des C-Durdreiklanges hergeleitet wer¬&#13;
den, wenn eine natürliche Fortschreitung ihn auf diesem&#13;
Wege einführen sollte. Setzen wir aber den Dreiklang D|F-a&#13;
als ersten und lassen C-e-G folgen, woraus als Septimen¬&#13;
accord die Lage C-e-G-a hervorgeht, so ist hier die Septime&#13;
G entweder aus dem fortgeschrittenen a entstanden, wo¬&#13;
nach die Dreiklänge D|F-a, C-e-G in der Quintlage, un¬&#13;
vermittelt, also eben nicht als Folge neben einander stehen&#13;
würden; oder es wird in C-e-G-a der Ton G als ein fort¬</Unicode>
            </TextEquiv>
        </TextRegion>
    </Page>
</PcGts>
