1444 2597
676 201 749 250 167
185 296 1240 340 letzten auch hier vorkommenden Schritten, noch bei des..D
186 348 1242 395 eintritt, ist keine an sich fassliche oder direct verständliche.
181 403 1242 440 Wenn das nach dem C folgende cis sich zu der Dominant¬
191 452 1239 508 quint D als Leitton verhalten soll, wie gefordert wird, so
190 508 1238 555 ist dieses cis nicht auf das im Systeme enthaltene Quint¬
189 563 1239 619 intervall a—e zu beziehen, nicht als einer Umwandlung
185 613 1245 660 des a-Molldreiklanges in den A-Durdreiklang gehörig zu
189 668 1245 715 betrachten; denn hier könnte cis nur nach dem unterhalb
185 724 1236 762 des Systemes liegenden d, nicht nach der Oberdominant¬
186 771 1246 823 quint D führen. — Auf den wesentlichen Unterschied dieser
180 827 1242 884 beiden Töne nochmals erklärend zurückzukommen, wird
186 883 1253 923 hier nicht mehr nöthig sein. — Um den Leitton von D zu
188 939 1243 988 gewinnen, ist nach dem Grundtone C nicht die Terz von
186 987 1249 1032 a, sondern von A, die Terz des A-Durdreiklanges in der
184 1040 1250 1083 Accordreihe C-e-G-h-D-fis-A-cis-E zu ergreifen, eine Fort¬
187 1092 1246 1138 schreitung, die für sich, nach dem Begriffe verständlicher
182 1147 1242 1195 Folge, jeder Vermittlung entbehrt. Ein gleiches Verhalten
189 1199 1236 1251 würde sich bei den chromatischen Schritten F..fis, B..h,
188 1251 1241 1298 Des..d herausstellen. Wir haben dasselbe mit 128:135 be¬
181 1306 1245 1363 zeichnet, indem die Terz der dritten Quint ($$MATH)
186 1371 1246 1419 zu dem in ihre Nähe erhobenen Grundtone ($$MATH) in
181 1411 1252 1459 diesem Schwingungszahlverhältnisse auftreten wird. Der
181 1467 1251 1510 Schritt C..cis in der chromatischen C-Durtonleiter, so wie
191 1516 1246 1564 die anderen, gleichem Verhältnisse entsprechenden, werden
187 1571 1247 1618 also an sich unbestimmte bleiben. Der chromatisch erhöhete
191 1627 1252 1667 Ton ist hier nur in seinem Verhältnisse als Leitton zu
185 1675 1249 1724 dem darauf folgenden, und von diesem aus bestimmt, zu
192 1731 1243 1779 fassen. Dagegen die Uebergänge D..dis, G..gis, wie alle
185 1780 1244 1827 Fortschreitungen des Verhältnisses 24:25, das sich inner¬
185 1835 1245 1883 halb der bestehenden Quint 20:30, als Unterschied des
186 1891 1241 1932 Duraccordes, 20:25:30=4:5:6, und des Mollac¬
185 1955 1248 1995 cordes, 20:24:30=10:12:15, ergibt, eine Be¬
189 1997 1252 2045 stimmung in sich selbst enthalten und deshalb auch, wie
184 2059 1253 2094 es eine aufmerksame Prüfung bei der freien Intonation
