1444 2597
659 244 730 284 43
162 333 1214 379 Oberdominantdreiklanges mit dem Grundtone des Unterdo¬
156 388 1216 435 minantdreiklanges sich verbinden können; ebenso die Quint
159 443 1219 483 des Ersteren mit Grundton und Terz des Letzteren. In der
156 492 1213 546 C-Durtonart z. B. h-D|F, D|F-a; in der C-Molltonart,
157 548 1213 603 wie in der gleichnamigen Moll-Durtonart, h-D|F, D|F-as;
153 603 1203 643 Accorde, welche, indem sie die Grenzen der Tonart zu¬
160 651 1208 698 sammenfassen, dieselbe in sich abzuschliessen die Eigen¬
160 707 1212 755 schaft haben. Die Motivirung solcher Accorde, den Grund
153 764 1214 804 ihrer Entstehung und ihre sinnige Bedeutung lernen wir
153 813 1208 859 in der Folge kennen; hier sind dieselben nur im Zusam¬
151 867 753 923 menklange an sich zu betrachten.
241 922 1209 964 47. Es ist der Accord auf der Quint der Oberdomi¬
148 979 1209 1019 nant der Durtonart, D|F-a, nicht zu verwechseln mit
162 1027 1215 1075 dem Molldreiklange d-F-a, wie er, die untere Grenze des
153 1083 1209 1123 Systemes der C-Durtonart überschreitend, sich aus der
157 1132 1212 1180 Terz von B mit Grundton und Terz des F-Durdreiklanges
155 1187 1204 1228 bildet: wie überhaupt die in der hier angewendeten Accord¬
154 1236 1207 1283 bezeichnung mit grossen und kleinen Buchstaben unter¬
150 1300 1211 1338 schiedenen Töne gleiches Namens nicht für dieselben zu
150 1348 1198 1387 nehmen sind. Die mechanische Beschaffenheit unserer Cla¬
161 1395 1197 1443 vierinstrumente verläugnet mit ihrer nothgedrungenen Tem¬
157 1454 1199 1507 peratur diese Differenz, gleich der sogenannten enharmoni¬
157 1508 1207 1546 schen. Auch unsere Notenschrift; die für die enharmo¬
147 1556 1207 1609 nisch verschiedenen Töne einen Unterschied der Bezeichnung
154 1611 1213 1660 hat, unterscheidet nicht die in jener andern Bedeutung ver¬
156 1660 1213 1707 schiedenen, sie hat für die Terz der C-Durleiter, wie für
157 1714 1207 1764 die Secund der D-Durleiter, wenn diese die zweite Stufe
157 1772 1212 1819 der C-Durleiter zur Basis nimmt, nur ein Zeichen: dasselbe
146 1826 1207 1867 für e und E; daher es bei wenig achtsamer Praktik wohl
156 1876 1206 1924 kommen kann, dass mancher Musiker selbst sich dieses
151 1930 1198 1978 Unterschiedes nicht bewusst wird, wenn auch das Gefühl,
147 1986 1212 2044 wo es zur Frage kommt, ob die eine oder die andere Be¬
144 2035 1216 2084 deutung gelten solle, ihn immer deutlich genug wird empfin¬
147 2092 353 2139 den lassen.
