1444 2597
690 245 781 291 56
204 875 1269 923 wodurch aber, wenn das Hexachord von der Oberquint
204 930 1262 971 ausgeht, die fünfte, sechste und siebente Stufe der Octavleiter
210 985 1268 1026 als erste, zweite und dritte des Hexachordes erscheinen, als
209 1037 1273 1075 ut re mi, und dann die sechste und siebente nicht mehr in
205 1083 1270 1131 dem Verhältnisse 8:9, sondern wie D..e, als 9:10; der
207 1137 1253 1186 sechste Ton der Leiter überhaupt aber dann nicht mehr a,
210 1187 1263 1235 die Terz der Unterdominant, sondern A, die Quint von D
206 1243 1263 1291 ist, womit die Leiter in das Gebiet der G-Durtonart über¬
208 1292 1261 1355 greift. Beginnt aber das Hexachord mit der Unterquint, so
214 1356 1269 1395 wird aus der sechsten und siebenten Stufe der Octavleiter
204 1411 1259 1458 die dritte und vierte des Hexachordes, und die Fortschrei¬
201 1451 1255 1507 tung mi..fa, ist dann hier die einer kleinen Secund a..B,
204 1508 1254 1562 worin wieder die Unterdominant-Tonart, die Tonart F-dur,
210 1564 1260 1610 angesprochen wird. Daher, wie die sechste Stufe der Oc¬
200 1612 1261 1667 tavleiter, in der Hexachordbedeutung von la und mi, als a,
202 1668 1259 1722 in der Bedeutung von re, als A intonirt wird, die siebente,
201 1716 1263 1779 je nachdem sie ihre Bedeutung als dritte oder vierte der
208 1773 1269 1820 Hexachordleiter, als mi oder fa erhält, zwischen h und B
202 1831 1257 1882 wechselt, zwischen B-durus und B-mollis. Ersteres ward,
196 1883 1258 1932 im Sinne der Härte, eckig $$GRAPHIC (B-quadratum) bezeichnet,
200 1937 1261 1994 schriftverwandt und gleichbedeutend mit ♯ und ♮; aus
204 1995 1261 2035 welchem Letzteren vielleicht unser, nur in der deutschen
209 2043 1262 2091 Bezeichnung eingeführtes, in der Tonfolge ausser aller al¬
196 2101 1254 2152 phabetischer Ordnung stehendes h geworden ist. Man sieht,
