1444 2597
721 244 822 290 384
237 331 1293 380 so sehen wir die Dissonanzen in die zweite, in die nicht-
241 391 1303 443 accentuirte Zeit fallen, und diese kann dem Gewichte, mit
241 445 1282 482 welchem die Septimenaccorde des unverwendeten Syste¬
242 505 1283 547 mes auftreten, nicht entsprechend sein. Die Septimenac¬
237 540 1302 594 corde: F-a-C-e, a-C-e-G, C-e-G-h, e-G-h-D finden nur in
237 603 1205 643 der metrisch ersten Zeit die ihnen angemessene Stelle.
321 650 1289 708 21. Dagegen fügen die Septimenaccorde G-h-D|F,
244 700 1290 751 h-D|F-a, D|F-a-C sich der nicht-accentuirten Stelle ganz
244 770 1292 819 willig. Bei den Accorden G-h-D|F, h-D|F-a fühlt man den
236 811 1292 859 Eintritt in das andere Dissonanzelement, verschieden von
237 860 1287 907 dem, in welchem die übrigen Septimenacccorde ihre Exi¬
242 917 1294 964 stenz haben, ganz unzweideutig; der Septimenaccord
246 972 1281 1027 D|F-a-C lässt es weniger entschieden empfinden, weil er,
237 1022 1292 1064 wie bei dessem Vorkommen in früheren Fällen schon be¬
242 1076 1296 1124 merkt wurde, den verminderten Dreiklang D|F-a mit dem
243 1132 1294 1171 Molldreiklange d-F-a leicht verwechseln lassen, oder in
244 1179 1286 1232 der That den letzteren für den ersteren substituiren kann,
242 1235 1291 1283 und dann erscheint der Accord, gleich den Septimen¬
237 1291 1295 1331 accorden a-C-e-G und e-G-h-D, als einer von denen, welche
237 1339 841 1384 die metrisch erste Zeit verlangen.
320 1394 1292 1443 In der Molltonart ist an dieser Stelle die Zweideutigkeit
233 1449 1290 1490 nicht vorhanden: der Accord D|F-as-C ist in Bezug auf das
237 1497 1294 1555 Molltonartsystem ganz derselben Natur, wie jener: D|F-a-C
233 1555 1287 1595 im Durtonartsysteme, ist aber für die Wirkung entschiede¬
241 1603 1289 1651 nerer Art und nicht mit einem Septimenaccorde des unver¬
239 1660 1284 1700 wendeten Systemes zu verwechseln; daher er auch unbe¬
237 1719 1291 1762 denklicher metrisch-zweite Stelle wird erhalten können,
234 1771 977 1810 als der ihm entsprechende der Durtonart.
284 1875 1242 1922 Uebersicht des Vorstehenden über metrische
581 1931 943 1995 Dissonanzstellung.
317 2028 1295 2083 22. In seinem harmonischen Dasein ist jeder Disso¬
230 2077 1299 2124 nanzaccord ein Erstes und Zweites zugleich. Er ist Zweites
