1444 2597
683 257 770 300 210
197 357 1261 403 Umwandlung zu Entgegengesetztem in dem gemeinschaft¬
197 404 540 451 lichen Tone selbst:
280 642 1254 683 Es bleiben von den drei möglichen Arten der Drei¬
200 692 1257 740 klangsfolge somit nur die der Terz-verwandten Drei¬
198 747 1267 796 klänge von den Schluss-bildenden ausgeschlossen. Die Folgen
201 987 1263 1034 haben keine Schlussbedeutung, sie schliessen nicht wesentlich
209 1043 1261 1090 Getrenntes, entschieden Gegensätzliches zusammen. Der to¬
207 1100 1258 1147 nische Durdreiklang hat die Möglichkeit eines gleichzeitigen
206 1148 1263 1195 Molldreiklanges, nicht aber eines gleichzeitigen Dominant-
206 1204 762 1259 oder verminderten Dreiklanges.
290 1251 1262 1299 Jede andere Dreiklangsfortschreitung als die innerhalb
201 1308 1259 1348 Terz-verwandter Dreiklänge, ebenso jede Auflösung des
198 1355 1247 1401 Septimenaccordes wird einen Schluss bilden, denn in die¬
208 1417 1260 1459 ser letzteren wird der auflösende Accord immer zu einem
210 1467 1264 1515 der beiden im Septimenaccorde verbundenen Quint-ver¬
208 1515 916 1564 wandter, oder von ihm getrennter sein.
282 1572 1264 1618 310. Wir haben aber eine doppelte Bedeutung des
208 1627 1254 1666 Wortes Schluss zu unterscheiden: den Zusammen¬
200 1676 1261 1724 schluss und den Abschluss. Der erstere ist eben überall
205 1739 1266 1787 vorhanden, wo in Grundton oder Quint verbundene, oder
205 1779 1187 1827 wo direct unverbundene Dreiklänge aufeinander folgen.
293 1835 1268 1882 Der Abschluss ist wieder zweifach zu betrachten: als
208 1892 1252 1939 völlig schliessender, und als solcher der noch einen Nach¬
205 1939 1259 1987 satz erwarten lässt. Jener wird immer nur aus einem Do¬
205 1996 1271 2043 minantaccorde in den tonischen Dreiklang, und zwar in
211 2051 1261 2093 dessen Dreiklangslage führend, den Sinn ganz erfüllen
206 2099 1267 2148 können: dass der Anfang als Ende erscheine, dass Erstes
