1444 2597
698 202 738 252 3
185 300 1245 339 klanges. Der Molldreiklang ist in der fortgesetzten Reihe zwar
183 349 1235 403 aufzufinden, in der Verbindung der Glieder: 10, 12 und 15,
186 404 1229 444 als e, g und h; da er hier aber nicht von der zuerst als Grund¬
187 453 1228 499 ton angenommenen Einheit direct ausgeht, auch die Zwi¬
184 508 1240 563 schenglieder 11, 13 und 14 zu übergehen nöthigen würde,
185 560 1249 604 so glaubt man nach dieser Lehre sich weniger berechtigt, ihn
181 612 1231 656 als natürliche Production und dem Durdreiklange ebenbür¬
186 667 1243 709 tig zu achten, und hat den Molldreiklang, dem „natürlichen”
187 716 1190 763 Durdreiklange gegenüber, einen „künstlichen” genannt. —
270 771 1243 818 Wenn wir von dieser Aliquoten-Theorie wohl absehen
181 837 1246 875 dürfen, so offenbart auch die vorhergehend bezeichnete, die
185 876 1245 923 in der arithmetisch fortgesetzten Zahlenreihe den Aufschluss
182 931 1242 977 der Harmonie zu finden meint, in dieser ersten Annahme
189 980 1229 1027 schon entschieden Unwahres, mit der Beschaffenheit des musi¬
191 1036 1023 1083 kalisch-Natürlichen nicht Uebereinstimmendes.
266 1083 1235 1131 Besser dürfte sich die Ansicht bewähren, dass alle un¬
188 1140 1247 1195 sere harmonischen Bestimmungen aus den Zahlen 1, 3 und
189 1188 1247 1236 5, ihren Verdoppelungen, Potenzen und wechselseitigen Pro¬
195 1244 1231 1291 ducten hervorgehen. Diese Annahme enthält Nichts der Wirk¬
185 1300 1241 1346 lichkeit widersprechendes; sie hat aber auf keine Weise
185 1348 1192 1395 noch zu einer weiteren Erklärung der Harmonie geführt.
268 1403 1215 1450 Die aus diesen Bedingungen resultirende Zahlenreihe:
188 1570 1246 1603 scheidet zwar die unharmonischen Töne der arithmetischen
195 1612 1241 1658 aus; sie producirt aber nur die nach der Oberdominantseite
189 1667 1246 1722 gelegenen harmonischen: es kann in ihr nie die Unterquint
194 1726 1240 1763 zum Vorschein kommen. Ferner gewährt sie noch nicht ein¬
194 1780 1239 1820 mal eine fest abgrenzende Bestimmung für den Dreiklang;
195 1823 1244 1867 eben so wenig ist für consonante und dissonante Intervalle
193 1883 1240 1923 ein schlagender Unterschied nachgewiesen: denn wenn die¬
191 1935 1236 1979 ser letztere nur durch ein Mehr oder Weniger der „Ein¬
197 1973 1247 2028 fachheit” oder „Fasslichkeit” des Klangverhältnisses be¬
192 2040 1256 2090 gründet sein soll, wie so oft gesagt und nachgesprochen
