1444 2597
694 226 783 266 385
199 316 1257 370 in Folge der vorangegangenen Vorbereitung der Dissonanz,
203 372 1261 426 und Erstes in Bezug auf die nothwendig folgende Auflösung
202 435 1260 467 derselben. Metrisch hebt sich aber die eine oder die andere
201 476 1261 530 harmonische Beziehung hervor, nachdem die Dissonanz
209 539 1265 571 eben entweder durch einen neu zu dem Accorde tretenden
211 579 1262 628 Grundton bestimmt wird, oder gegen einen schon vorhan¬
210 635 466 684 denen auftritt.
290 684 1264 731 In der Dissonanzbildung des Vorhaltsaccordes ist das
202 740 1262 794 Dissonanzmoment allezeit metrisch-Erstes, Accentuirtes;
204 788 1266 835 denn die Dissonanz entsteht hier durch neu auftretenden
213 843 1250 891 Grundton. Die Auflösung ist das metrisch-Zweite, Nicht¬
208 900 1259 946 accentuirte; sie erfolgt ohne wesentliche Harmonieverän¬
207 948 342 1003 derung.
286 1004 1258 1050 In der Bildung des Septimenaccordes ist das Disso¬
199 1063 1259 1099 nanzmoment metrisch-Erstes, wenn die Dissonanz sich
210 1107 1256 1156 in der Quint des oberen Dreiklanges vorbereitet, und
210 1164 1261 1210 metrisch-Zweites, wenn sie im Grundtone des unteren
205 1211 1260 1260 Dreiklanges vorbereitet ist. Sie kann aber Erstes oder
202 1267 1260 1315 Zweites sein, wenn sie nicht zwischen einem Grundtone
204 1328 1251 1379 und einer Quint, sondern zwischen Accordmomenten glei¬
205 1372 1259 1419 cher Ordnung besteht, die dann nur gleiche Momente der
205 1427 1066 1475 entgegengesetzten Dominantaccorde sein können.
301 1476 1259 1532 Wenn der harmonische Process der Dissonanzbildung
197 1533 882 1579 allgemein wieder unter der Formation
202 1747 1256 1796 sich darstellen lässt, in welcher das mittlere, doppelt be¬
201 1803 1260 1844 stimmte Glied den Dissonanzaccord, das erste den vorbe¬
198 1852 1253 1898 reitenden, das letzte den auflösenden zu bedeuten hat; so
201 1908 1254 1954 wird die metrische Bestimmung, mit der harmonischen
199 1967 1252 2012 verbunden, auf zweifache Weise hervorgehen können: sie
198 2022 1254 2068 wird das erste oder das zweite harmonische Glied, das
197 2067 1257 2115 vorbereitende oder das Dissonanzmoment als accentuirtes
