1444 2597
690 259 771 300 180
203 347 1248 389 zu der Unterdominantterz a der C-Durtonart, im Quintver¬
199 397 1254 451 hältnisse stehen soll, von D also verschieden sein muss.
195 452 1249 508 Sonach würde auch der Unterschied zwischen a und A,
209 514 1262 563 wie der zwischen D und d eine Uebergangsbestimmung aus
196 556 1254 599 der C-Dur- nach der G-Durtonart und aus der C-Dur-
200 612 1257 656 nach der F-Durtonart abgeben können, eben wie wir sie
197 660 1256 707 für die erste in dem Unterschiede von F und fis, für die
192 715 1253 771 zweite im Unterschiede von h und B gefunden haben;
201 764 1251 810 es ist aber diese Verschiedenheit des Terztones von dem
203 820 1257 867 gleichnamigen Grund- oder Quinttone, wie sie von unserer
196 868 1237 915 Notenschrift ignorirt wird, auch für die praktische Aus¬
200 922 1254 970 übung eine zu geringe, um einen Accordwechsel durch sie
204 971 1254 1026 kenntlich machen zu können: ohne Hinzutritt von fis, wird
201 1028 1254 1074 a nicht in die Bedeutung A, ohne Hinzutritt von B, D nicht
193 1076 871 1123 in die Bedeutung d übergehen wollen.
283 1130 1257 1178 269. Die Tonarten der Unter- und Oberquint sind
192 1180 1250 1226 nicht allein durch grössere Quantität gleichen Materiales
194 1235 1256 1276 mit der als tonisch gesetzten am nächsten verwandt; sie
196 1284 1254 1331 sind es vielmehr wesentlich in dem Sinne, dass der tonische
192 1340 1251 1396 Dreiklang der tonischen als ein Dominantdreiklang in der
202 1387 1250 1435 einen und anderen Dominanttonart, und ebenso der
197 1443 1247 1482 tonische Dreiklang der Dominanttonarten als Dominantdrei¬
193 1491 1257 1539 klang in der tonischen enthalten ist: dass demnach die Ver¬
193 1547 1244 1604 wandtschaft, der Gegensatz des Verschieden- und Gleich¬
196 1596 1256 1644 seins, hier in der Hauptsache, im tonischen Dreiklange
197 1652 564 1691 selbst, zu finden ist.
277 1699 1251 1747 270. Mit beiden in der fortgehenden Reihe folgen¬
192 1754 1249 1802 den Tonarten, mit B-Dur und D-Dur, ist die C-Durtonart
194 1813 1256 1852 nur in einem Dominantaccorde verwandt: die Tonarten
193 1861 1259 1899 von C und B, durch den F-Durdreiklang; die Tonarten
198 1917 1255 1955 von C und D, durch den G-Durdreiklang. Im tonischen
187 1964 1249 2007 Dreiklange, in der Hauptsache, bleiben diese Tonarten
198 2026 1260 2060 sich fremd, sie sind also hauptsächlich eben nicht
190 2068 380 2115 verwandt.
