1444 2597
696 215 782 266 226
300 316 1267 357 10. Das zeitlich Dreitheilige ist nicht als eine Folge
209 365 1272 411 von drei aneinandergereiheten Gliedern metrisch bestimmt
209 420 1270 468 und verständlich, — als eine solche Gliederkette würde es
218 467 1263 515 ebenso jede andere Quantität, das Fünf-, Sieben-, Elffache
210 526 1261 571 sein können — sondern es ist sein metrisch-verständ¬
211 580 1264 619 licher Sinn das Ineinandergreifen der Zweiheit des ersten
204 627 1269 675 und zweiten Gliedes, als erstem Paare, mit dem zweiten
212 683 1269 731 und dritten, als zweitem Paare; eine Formation, in wel¬
211 731 1263 780 cher das mittlere Glied des dreitheiligen Ganzen die Be¬
212 801 1277 851 stimmung hat, beiden Paaren anzugehören und, in sich
209 843 994 894 entgegengesetzt, Anfang oder Ende zu sein.
299 1193 1273 1242 11. Soll zu einem Ersten ein Zweites kommen, so
209 1243 1270 1291 kann dies nur ein Gleiches sein, denn Ungleiches ist nicht
206 1305 1266 1339 zusammen zu zählen. — Im dreitheiligen Ganzen würde dem
213 1355 1268 1396 ersten einzelnen Theile ein Doppeltes, oder den ersten
214 1404 1267 1444 zwei zur Einheit zusammengefassten Theilen ein Einzel¬
211 1465 1270 1499 nes als anderer Theil entgegenstehen. In Beidem ist dem
215 1507 1264 1555 Begriffe der Gleichheit im Gegensatze nicht entsprochen.
212 1560 1261 1604 Es kann das Einzelne nur das andere Einzelne, das Paar
213 1617 1271 1659 nur das andere Paar zu seinem Anderen oder Zweiten
213 1667 1263 1709 haben. So kann, wenn in der dreitheiligen Einheit eine
212 1730 1272 1771 verständige Gliederung enthalten sein soll, nur das Paar
211 1771 1267 1819 des ersten und zweiten Zeittheiles mit dem Paare des zwei¬
206 1828 843 1882 ten und dritten in Gegensatz treten.
294 1892 1270 1931 12. In einer Folge von drei gleichen Zeitmomenten
204 1940 371 1995 a, b, c:
