1444 2597
650 201 724 243 137
159 302 1212 347 sich aus dem primären tonischen nur in versetzter Lage, die
160 347 1184 395 Dissonanz als Secundintervall enthaltend, bilden können.
239 396 1212 442 207. Wenn die verminderte Septime aus dem eben
164 452 1208 499 angegebenen Grunde die mildeste Dissonanzwirkung aus¬
156 508 1212 552 übt, so wird dagegen die grosse Septime um so herber
157 555 1220 604 dissoniren müssen, als ihre beiden Dissonanztöne die nächste
154 611 1209 655 melodische Beziehung zu einander haben, am Entschieden¬
158 674 1208 707 sten die Bestimmung als Folge nacheinander zu kom¬
162 722 1218 764 men, nicht als Zusammenklang gleichzeitig verbunden
164 771 1217 812 zu werden. In der C-Durtonart sind demnach die Sep¬
161 820 1213 867 timenaccorde F-a-C-e und C-e-G-h die dissonantesten, in¬
158 875 1219 923 dem sie die Fortschreitungen e..F und h..C, welche die
159 924 1220 971 Dreiklangsverbindung entschieden zu melodischen be¬
166 980 949 1028 stimmt, als Zusammenklang fixirt enthalten.
244 1036 1210 1083 208. Weniger dissonant als diese Septimenaccorde,
162 1094 1219 1131 und dissonanter als die vorhergenannten, werden sich die
157 1142 1207 1183 Septimenaccorde a-C-e-G und e-G-h-D erweisen. Sie ent¬
165 1188 1217 1235 halten in G-a und D-e eine der directen Dreiklangsver¬
165 1244 1219 1290 bindung gehörige Fortschreitung als Dissonanzintervall:
169 1291 1215 1347 diese ist aber nicht in dem Grade eine melodisch dringende,
164 1347 1217 1394 wie es die Secunden e-F und h-C sind, und in so ge¬
158 1404 1231 1451 ringerem Grade werden auch diese Septimenaccorde hart
170 1460 358 1507 dissoniren.
250 1507 1220 1555 209. Die hier vorkommenden Verhältnisse der Se¬
167 1569 1221 1619 cund-Dissonanz stellen sich, wenn vom geringeren Grade
165 1616 1229 1667 der Härte zu dem grösseren fortgeschritten wird, in dieser
165 1668 412 1723 Ordnung dar:
