1444 2597
650 230 690 277 77
141 333 1192 373 zeitig zu Grundton und Quint bestimmt wird. Hier wird er
147 386 1121 426 sein, dass das mittlere Intervall des Septimenaccordes, —
147 439 1132 479 C-e, im Accorde a-C-e-G, und e-G im Accorde C-e-G-h, —
146 491 1190 532 die doppelte Bestimmung habe, verschiedenen Dreiklängen
150 545 1182 586 gleichzeitig anzugehören und zwar, wie von selbst erfolgt,
153 598 1194 638 jedem Dreiklange in anderer Bedeutung; denn es ist C-e
142 650 1189 690 im C-Durdreiklange Grundton und Terz, im a-Molldrei¬
141 704 1188 744 klange Terz und Quint; e-G im C-Durdreiklange Terz und
144 758 978 796 Quint; im e-Molldreiklange Grundton und Terz.
230 809 1184 849 112. In der Dissonanz des Vorhaltes ist die Zwei¬
147 863 1184 902 heitsbedeutung in einem doppelt bestimmten Tone, in
149 916 1192 956 der Dissonanz des Septimenaccordes in einem doppelt
144 968 1184 1009 bestimmten Intervalle enthalten. Wie im Vorhaltsaccorde
145 1021 1189 1061 G-C-D der Ton G in seiner doppelten Bedeutung mit sich im
151 1075 1190 1114 Widerspruche steht, so wird im Septimenaccorde a-C-e-G
143 1126 1183 1168 das mittlere Intervall C-e in seiner zu den beiden ver¬
143 1182 1183 1220 bundenen Dreiklängen verschiedenen Bestimmung sich selbst
150 1234 1186 1274 widersprechen; ebenso das Intervall e-G in dem Septimen¬
147 1286 424 1327 accorde C-e-G-h.
228 1340 1181 1380 113. So ist nun überhaupt dem Begriffe der Dissonanz,
141 1394 1188 1433 als dem eines Gegensatzes in sich selbst, wieder die Bedeutung
147 1445 1175 1486 der Quint, nach dem allgemeinen Sinne dieses Intervalles,
139 1500 1181 1538 zuzuschreiben, zu welcher die vorbereitende Consonanz die
147 1551 1185 1591 Octavbedeutung, die aus der Auflösung sich herstellende
140 1605 1184 1644 die Terzbedeutung enthalten wird, und es erhält somit die
135 1657 1173 1696 Harmonie selbst mit der Dissonanz erst ihren vollständi¬
143 1709 1180 1750 gen Consonanzbegriff; denn ohne Dissonanz bleibt die
143 1762 1183 1803 Consonanz bei der Unmittelbarkeit der Octaveinheit stehen
139 1816 1188 1855 und kann nicht zu ihrer Selbsterkenntniss im Terzbegriffe
138 1868 298 1908 gelangen.
227 1922 1178 1960 114. Ehe wir aber von der Auflösung der Dissonanz
143 1974 1182 2013 sprechen, sind zuvor die anderen Dreiklangsverbindungen
144 2027 1190 2066 noch zu betrachten, wie sie in ihren Uebergangsformen sich
140 2079 830 2121 zu Septimenaccorden gestalten können.
