1444 2597
663 219 741 259 87
165 317 1222 355 standen ist, aufgehoben wird und eine einfache dafür ein¬
167 364 265 412 tritt.
255 411 1236 458 In der zuerst (108) angeführten Dissonanz C—D ist
168 467 1226 515 die Verwandtschaft dieser beiden Töne im Tone G enthalten.
168 524 1228 571 G ist aber hier, durch den Zusammenklang von C und D,
173 572 944 620 zugleich zu Grundton und Quint bestimmt:
253 834 1227 875 Dieser Doppelsinn lässt eben so wenig das Intervall
174 887 1225 940 C—G durch die Terz e zum Dreiklange zusammentreten,
176 939 1224 994 als er die Verbindung der Quint G—D durch die Terz h,
172 988 1224 1043 geschehen lassen kann. Es wird aber die eine oder an¬
171 1045 1231 1091 dere Verbindung sogleich erfolgen können, sobald der eine
168 1099 1221 1155 oder andere hindernde Ton entfernt wird. Wenn C weicht,
178 1149 1225 1196 wird die Verbindung des Quintintervalles G—D in h ein¬
175 1203 1228 1251 treten; wenn D weicht, wird das Quintintervall C—G sich
169 1259 1229 1300 in e verbinden. Der Eintritt des Terztones h ist hier eine
173 1308 1224 1355 natürliche Folge der Aufhebung des Grundtones C, wie der
172 1363 1230 1423 Eintritt des Terztones e eine natürliche Folge der Aufhebung
168 1420 1227 1458 des Quinttones D ist: h verbindet die Quint G—D, e ver¬
173 1467 1229 1515 bindet die Quint C—G; keine dieser beiden Verbindungen
165 1523 1229 1567 konnte aber bei dem gleichzeitigen Vorhandensein von C
164 1585 1224 1619 und D geschehen, denn es ist durch C der Grundtonsbe¬
169 1627 1224 1675 deutung, durch D der Quintbedeutung von G widersprochen.
173 1682 1227 1723 Es ist daher, indem C nach h melodisch übergeht, zugleich die
169 1732 1222 1779 Störung der Einheit von G—D aufgehoben und die Verbin¬
165 1796 1226 1834 dung dieses Quintintervalles hergestellt; ebenso wird, wenn
169 1836 1228 1883 D sich nach e bewegt, G zu C in ein ungestörtes Verhältniss
174 1891 1228 1948 getreten sein und sich zur Einheit mit ihm verbunden
165 1948 295 1994 haben.
248 2004 1221 2050 126. Von diesen beiden Auflösungen ist aber die erste,
170 2052 1228 2099 die mit der Fortschreitung C..h geschieht, hier darum die
