<?xml version="1.0" encoding="UTF-8" standalone="yes"?>
<PcGts xmlns="http://schema.primaresearch.org/PAGE/gts/pagecontent/2013-07-15" xmlns:xsi="http://www.w3.org/2001/XMLSchema-instance" xsi:schemaLocation="http://schema.primaresearch.org/PAGE/gts/pagecontent/2013-07-15 http://schema.primaresearch.org/PAGE/gts/pagecontent/2013-07-15/pagecontent.xsd">
    <Metadata>
        <Creator>prov=University of Rostock/Institute of Mathematics/CITlab|PLANET AI GmbH/Gundram Leifert/gundram.leifert@planet-ai.de:name=ONB_Newseye_GT_M1+(htr_id=10810)::::v=2.6.7
prov=University of Rostock/Institute of Mathematics/CITlab|PLANET AI GmbH/Tobias Gruening/tobias.gruening@planet-ai.de:name=de.uros.citlab.module.baseline2polygon.B2PSeamMultiOriented:v=2.6.7
prov=University of Rostock/Institute of Mathematics/CITlab|PLANET AI GmbH/Tobias Gruening/tobias.gruening@planet-ai.de:name=/net_tf/LA73_249_0mod360.pb:de.uros.citlab.segmentation.CITlab_LA_ML:v=2.6.6
Transkribus</Creator>
        <Created>2021-02-02T15:22:39.633+01:00</Created>
        <LastChange>2021-03-20T16:44:27.902+01:00</LastChange>
        <TranskribusMetadata docId="764523" pageId="28719206" pageNr="282" tsid="63342247" status="NEW" userId="74363" imgUrl="https://files.transkribus.eu/Get?id=XKTHJACQKHANZYKLBSTHPOIV&amp;fileType=view" xmlUrl="https://files.transkribus.eu/Get?id=XWQLFVEASPDCDYHOFNHYWSFC" imageId="22439711"/>
    </Metadata>
    <Page imageFilename="Hauptmann1853-0291.jpg" imageWidth="1444" imageHeight="2597" type="content">
        <ReadingOrder>
            <OrderedGroup id="ro_1630595923369" caption="Regions reading order">
                <RegionRefIndexed index="0" regionRef="TextRegion_1612729999629_3887"/>
                <RegionRefIndexed index="1" regionRef="TextRegion_1612729999629_3886"/>
                <RegionRefIndexed index="2" regionRef="TextRegion_1612729997181_3880"/>
                <RegionRefIndexed index="4" regionRef="TextRegion_1612729980110_3872"/>
                <RegionRefIndexed index="6" regionRef="TextRegion_1612729971796_3862"/>
                <RegionRefIndexed index="8" regionRef="TextRegion_1612729965530_3854"/>
                <RegionRefIndexed index="9" regionRef="TextRegion_1612729962570_3850"/>
                <RegionRefIndexed index="11" regionRef="TextRegion_1612729945074_3842"/>
            </OrderedGroup>
        </ReadingOrder>
        <TextRegion orientation="0.0" type="page-number" id="TextRegion_1612729999629_3887" custom="readingOrder {index:0;} structure {type:page-number;}">
            <Coords points="209,225 1275,225 1275,280 209,280"/>
            <TextLine id="r1l1" custom="readingOrder {index:0;}">
                <Coords points="710,265 785,267 791,261 797,261 797,224 788,224 784,220 710,220"/>
                <Baseline points="717,256 754,258 791,256"/>
                <TextEquiv>
                    <Unicode>272</Unicode>
                </TextEquiv>
            </TextLine>
            <TextEquiv>
                <Unicode>272</Unicode>
            </TextEquiv>
        </TextRegion>
        <TextRegion orientation="0.0" type="paragraph" id="TextRegion_1612729999629_3886" custom="readingOrder {index:1;}">
            <Coords points="209,280 1275,280 1275,517 209,517"/>
            <TextLine id="r1l2" custom="readingOrder {index:0;}">
                <Coords points="217,354 1274,363 1274,316 217,315"/>
                <Baseline points="223,348 275,348 327,348 379,348 432,348 484,348 536,348 588,348 641,349 693,349 745,349 797,349 850,349 902,350 954,350 1006,350 1059,350 1111,350 1163,351 1215,351 1268,351"/>
                <TextEquiv>
                    <Unicode>Glied, als erstes im zweiten Paare, wie das erste und</Unicode>
                </TextEquiv>
            </TextLine>
            <TextLine id="r1l3" custom="readingOrder {index:1;}">
                <Coords points="222,410 1275,411 1275,378 1228,372 222,365"/>
                <Baseline points="228,399 280,400 332,400 384,401 436,402 488,402 540,402 592,402 644,403 696,403 748,403 800,403 852,403 904,403 956,403 1008,403 1060,403 1112,404 1164,404 1216,404 1268,404"/>
                <TextEquiv>
                    <Unicode>dritte den Gliedaccent; das erste Glied aber noch den</Unicode>
                </TextEquiv>
            </TextLine>
            <TextLine id="r1l4" custom="readingOrder {index:2;}">
                <Coords points="209,467 1273,460 1248,420 209,428"/>
                <Baseline points="215,452 267,452 320,452 372,453 425,453 477,454 530,455 582,455 635,456 687,456 740,457 793,457 845,458 898,458 950,458 1003,458 1055,458 1108,457 1160,457 1213,456 1266,455"/>
                <TextEquiv>
                    <Unicode>Accent höchster Ordnung, den des ersten der beiden drei¬</Unicode>
                </TextEquiv>
            </TextLine>
            <TextLine id="line_1612729997202_3884" custom="readingOrder {index:3;}">
                <Coords points="218,515 296,531 320,515 807,522 807,492 773,476 219,485"/>
                <Baseline points="225,506 253,506 282,506 311,506 340,506 368,506 397,506 426,506 455,507 483,507 512,508 541,508 570,509 598,509 627,509 656,509 685,510 713,510 742,510 771,510 800,509"/>
                <TextEquiv>
                    <Unicode>zeitig ineinanderliegenden Theile.</Unicode>
                </TextEquiv>
            </TextLine>
            <TextEquiv>
                <Unicode>Glied, als erstes im zweiten Paare, wie das erste und
dritte den Gliedaccent; das erste Glied aber noch den
Accent höchster Ordnung, den des ersten der beiden drei¬
zeitig ineinanderliegenden Theile.</Unicode>
            </TextEquiv>
        </TextRegion>
        <TextRegion orientation="0.0" type="paragraph" id="TextRegion_1612729997181_3880" custom="readingOrder {index:2;}">
            <Coords points="209,517 1275,517 1275,1054 209,1054"/>
            <TextLine id="r1l6" custom="readingOrder {index:0;}">
                <Coords points="301,570 1272,571 1272,538 1229,523 301,526"/>
                <Baseline points="308,556 355,558 403,559 451,560 499,561 547,562 595,562 643,563 691,563 739,563 787,563 834,563 882,563 930,563 978,562 1026,562 1074,562 1122,562 1170,561 1218,561 1266,561"/>
                <TextEquiv>
                    <Unicode>66. Wollten wir den Accent des dreizeitigen Theiles</Unicode>
                </TextEquiv>
            </TextLine>
            <TextLine id="r1l7" custom="readingOrder {index:1;}">
                <Coords points="208,620 1271,619 1207,579 803,579 776,607 744,579 208,587"/>
                <Baseline points="215,611 267,612 319,612 372,613 424,613 477,614 529,615 582,615 634,616 687,616 739,616 791,617 844,617 896,617 949,617 1001,616 1054,616 1106,615 1159,615 1211,614 1264,613"/>
                <TextEquiv>
                    <Unicode>mit 3, den des Paares mit 2, den Gliedaccent mit 1 be¬</Unicode>
                </TextEquiv>
            </TextLine>
            <TextLine id="r1l8" custom="readingOrder {index:2;}">
                <Coords points="215,674 1270,674 1270,643 1157,628 1127,652 215,643"/>
                <Baseline points="222,668 274,667 326,667 378,667 430,667 482,667 534,668 586,668 638,668 690,669 742,669 794,669 846,670 898,670 950,670 1002,670 1054,670 1106,669 1158,669 1210,668 1263,667"/>
                <TextEquiv>
                    <Unicode>zeichnen, ohne jedoch hiermit eine bestimmende Angabe</Unicode>
                </TextEquiv>
            </TextLine>
            <TextLine id="r1l9" custom="readingOrder {index:3;}">
                <Coords points="216,731 1277,731 1261,692 1150,683 1123,708 745,683 572,712 533,684 216,688"/>
                <Baseline points="222,718 274,719 326,719 379,720 431,720 484,720 536,721 588,721 641,721 693,722 746,722 798,722 850,722 903,722 955,723 1008,722 1060,722 1112,722 1165,722 1217,721 1270,721"/>
                <TextEquiv>
                    <Unicode>für die specifische Stärke dieser verschiedenen Accente</Unicode>
                </TextEquiv>
            </TextLine>
            <TextLine id="r1l10" custom="readingOrder {index:4;}">
                <Coords points="215,787 1268,779 1214,739 215,748"/>
                <Baseline points="221,774 273,773 325,773 377,773 429,773 481,773 533,773 585,774 637,775 689,775 741,776 793,776 845,777 897,777 949,777 1001,777 1053,776 1105,775 1157,774 1209,773 1262,770"/>
                <TextEquiv>
                    <Unicode>zu beabsichtigen, so würden auf das erste Glied des vier¬</Unicode>
                </TextEquiv>
            </TextLine>
            <TextLine id="r1l11" custom="readingOrder {index:5;}">
                <Coords points="206,833 750,843 784,818 970,845 1267,834 1267,801 206,804"/>
                <Baseline points="213,827 265,827 317,827 370,827 422,827 475,828 527,828 579,828 632,829 684,829 737,830 789,830 841,830 894,830 946,830 999,830 1051,829 1103,829 1156,828 1208,827 1261,826"/>
                <TextEquiv>
                    <Unicode>zeitigen Metrums die Accente 3, 2 und 1, auf das zweite</Unicode>
                </TextEquiv>
            </TextLine>
            <TextLine id="r1l12" custom="readingOrder {index:6;}">
                <Coords points="213,890 1262,900 1262,860 1208,844 552,844 490,871 455,843 213,845"/>
                <Baseline points="220,879 271,879 323,880 375,880 427,881 479,881 530,881 582,881 634,882 686,882 738,882 789,882 841,882 893,882 945,882 997,882 1048,882 1100,882 1152,882 1204,882 1256,882"/>
                <TextEquiv>
                    <Unicode>der Accent 1, auf das dritte die Accente 2 und 1 fallen,</Unicode>
                </TextEquiv>
            </TextLine>
            <TextLine id="r1l13" custom="readingOrder {index:7;}">
                <Coords points="209,941 1265,938 1232,900 209,908"/>
                <Baseline points="216,931 268,932 320,933 372,933 424,934 476,934 528,935 580,935 632,935 684,935 737,935 789,935 841,935 893,935 945,935 997,934 1049,934 1101,934 1153,934 1205,933 1258,933"/>
                <TextEquiv>
                    <Unicode>das vierte ohne Accent bleiben: und wenn wir die niede¬</Unicode>
                </TextEquiv>
            </TextLine>
            <TextLine id="r1l14" custom="readingOrder {index:8;}">
                <Coords points="208,996 1270,1003 1271,964 208,963"/>
                <Baseline points="215,984 267,985 319,986 372,987 424,987 477,988 529,988 582,988 634,988 687,989 739,989 791,989 844,988 896,988 949,988 1001,988 1054,988 1106,988 1159,988 1211,988 1264,987"/>
                <TextEquiv>
                    <Unicode>ren in den höheren aufgehen lassen, wird die Accentuirung</Unicode>
                </TextEquiv>
            </TextLine>
            <TextLine id="r1l15" custom="readingOrder {index:9;}">
                <Coords points="206,1050 756,1051 756,1019 710,1005 660,1023 519,1003 206,1015"/>
                <Baseline points="213,1039 239,1039 266,1039 293,1040 320,1040 347,1040 374,1040 400,1040 427,1040 454,1041 481,1041 508,1041 535,1041 562,1041 588,1041 615,1041 642,1041 669,1041 696,1041 723,1041 750,1041"/>
                <TextEquiv>
                    <Unicode>des vierzeitigen Metrums sein:</Unicode>
                </TextEquiv>
            </TextLine>
            <TextEquiv>
                <Unicode>66. Wollten wir den Accent des dreizeitigen Theiles&#13;
mit 3, den des Paares mit 2, den Gliedaccent mit 1 be¬&#13;
zeichnen, ohne jedoch hiermit eine bestimmende Angabe&#13;
für die specifische Stärke dieser verschiedenen Accente&#13;
zu beabsichtigen, so würden auf das erste Glied des vier¬&#13;
zeitigen Metrums die Accente 3, 2 und 1, auf das zweite&#13;
der Accent 1, auf das dritte die Accente 2 und 1 fallen,&#13;
das vierte ohne Accent bleiben: und wenn wir die niede¬&#13;
ren in den höheren aufgehen lassen, wird die Accentuirung&#13;
des vierzeitigen Metrums sein:</Unicode>
            </TextEquiv>
        </TextRegion>
        <GraphicRegion id="Graphic_1612730134714_3891" custom="readingOrder {index:3;} structure {type:floating;}">
            <Coords points="209,1054 1275,1054 1275,1188 209,1188"/>
        </GraphicRegion>
        <TextRegion orientation="0.0" id="TextRegion_1612729980110_3872" custom="readingOrder {index:4;} structure {type:paragraph-continued;}">
            <Coords points="209,1188 1275,1188 1275,1295 209,1295"/>
            <TextLine id="r1l21" custom="readingOrder {index:0;}">
                <Coords points="296,1235 1275,1234 1275,1204 1232,1196 865,1219 296,1196"/>
                <Baseline points="302,1225 350,1226 398,1227 447,1228 495,1228 543,1229 592,1229 640,1230 688,1230 737,1230 785,1231 833,1231 882,1231 930,1231 978,1231 1027,1230 1075,1230 1123,1230 1172,1229 1220,1229 1269,1229"/>
                <TextEquiv>
                    <Unicode>In selbiger Weise bezeichnet, erhält das dreizeitige</Unicode>
                </TextEquiv>
            </TextLine>
            <TextLine id="line_1612730317835_4010" custom="readingOrder {index:1;}">
                <Coords points="210,1291 583,1291 584,1260 543,1251 454,1260 437,1244 413,1258 390,1243 349,1259 210,1243"/>
                <Baseline points="217,1281 577,1283"/>
                <TextEquiv>
                    <Unicode>Metrum die Accente:</Unicode>
                </TextEquiv>
            </TextLine>
            <TextEquiv>
                <Unicode>In selbiger Weise bezeichnet, erhält das dreizeitige
Metrum die Accente:</Unicode>
            </TextEquiv>
        </TextRegion>
        <GraphicRegion id="Graphic_1612730150446_3904" custom="readingOrder {index:5;} structure {type:floating;}">
            <Coords points="209,1295 1275,1295 1275,1410 209,1410"/>
        </GraphicRegion>
        <TextRegion orientation="0.0" type="paragraph" id="TextRegion_1612729971796_3862" custom="readingOrder {index:6;} structure {type:paragraph;}">
            <Coords points="209,1410 1275,1410 1275,1467 209,1467"/>
            <TextLine id="r1l26" custom="readingOrder {index:0;}">
                <Coords points="209,1459 560,1458 590,1475 607,1458 633,1458 633,1426 575,1420 419,1431 400,1412 369,1426 309,1412 280,1425 209,1418"/>
                <Baseline points="215,1449 240,1450 266,1450 292,1450 317,1450 343,1450 369,1450 394,1450 420,1450 446,1450 471,1450 497,1450 523,1450 548,1451 574,1451 600,1451 626,1452"/>
                <TextEquiv>
                    <Unicode>das doppel-zweizeitige:</Unicode>
                </TextEquiv>
            </TextLine>
            <TextEquiv>
                <Unicode>das doppel-zweizeitige:</Unicode>
            </TextEquiv>
        </TextRegion>
        <GraphicRegion id="Graphic_1612730162000_3911" custom="readingOrder {index:7;} structure {type:floating;}">
            <Coords points="209,1467 1275,1467 1275,1591 209,1591"/>
        </GraphicRegion>
        <TextRegion orientation="0.0" type="paragraph" id="TextRegion_1612729965530_3854" custom="readingOrder {index:8;} structure {type:paragraph;}">
            <Coords points="209,1591 1275,1591 1275,1748 209,1748"/>
            <TextLine id="r1l30" custom="readingOrder {index:0;}">
                <Coords points="290,1635 1260,1643 1282,1604 290,1594"/>
                <Baseline points="297,1626 345,1626 394,1626 443,1627 492,1627 541,1627 590,1627 639,1627 688,1627 737,1627 786,1628 834,1628 883,1628 932,1628 981,1628 1030,1629 1079,1629 1128,1629 1177,1630 1226,1630 1275,1631"/>
                <TextEquiv>
                    <Unicode>Die gleiche Bestimmung ergibt sich, wenn wir die</Unicode>
                </TextEquiv>
            </TextLine>
            <TextLine id="r1l31" custom="readingOrder {index:1;}">
                <Coords points="205,1691 1273,1689 1263,1659 1062,1643 984,1668 206,1652"/>
                <Baseline points="212,1679 264,1680 317,1680 370,1680 423,1680 475,1680 528,1680 581,1680 634,1680 686,1680 739,1681 792,1681 845,1681 897,1681 950,1682 1003,1682 1056,1683 1108,1683 1161,1684 1214,1685 1267,1686"/>
                <TextEquiv>
                    <Unicode>Accente jeder Ordnung für sich bezeichnen und sie auf den</Unicode>
                </TextEquiv>
            </TextLine>
            <TextLine id="r1l32" custom="readingOrder {index:2;}">
                <Coords points="207,1740 966,1747 952,1709 855,1700 207,1700"/>
                <Baseline points="214,1731 251,1731 288,1731 325,1731 363,1732 400,1732 437,1732 474,1732 512,1732 549,1733 586,1733 623,1733 661,1733 698,1733 735,1734 772,1734 810,1734 847,1735 884,1735 921,1735 959,1736"/>
                <TextEquiv>
                    <Unicode>betreffenden Stellen sich summiren lassen.</Unicode>
                </TextEquiv>
            </TextLine>
            <TextEquiv>
                <Unicode>Die gleiche Bestimmung ergibt sich, wenn wir die
Accente jeder Ordnung für sich bezeichnen und sie auf den
betreffenden Stellen sich summiren lassen.</Unicode>
            </TextEquiv>
        </TextRegion>
        <TextRegion orientation="0.0" type="paragraph" id="TextRegion_1612729962570_3850" custom="readingOrder {index:9;} structure {type:paragraph;}">
            <Coords points="209,1748 1275,1748 1275,1809 209,1809"/>
            <TextLine id="r1l33" custom="readingOrder {index:0;}">
                <Coords points="286,1795 725,1795 725,1762 286,1758"/>
                <Baseline points="292,1785 317,1786 342,1786 367,1786 392,1786 417,1786 442,1786 467,1786 492,1786 518,1786 543,1786 568,1786 593,1786 618,1786 643,1787 668,1787 693,1787 719,1787"/>
                <TextEquiv>
                    <Unicode>Im vierzeitigen Metrum:</Unicode>
                </TextEquiv>
            </TextLine>
            <TextEquiv>
                <Unicode>Im vierzeitigen Metrum:</Unicode>
            </TextEquiv>
        </TextRegion>
        <GraphicRegion id="Graphic_1612730179526_3918" custom="readingOrder {index:10;} structure {type:floating;}">
            <Coords points="209,1809 1275,1809 1275,1940 209,1940"/>
        </GraphicRegion>
        <TextRegion orientation="0.0" type="paragraph" id="TextRegion_1612729945074_3842" custom="readingOrder {index:11;} structure {type:paragraph;}">
            <Coords points="209,1940 1275,1940 1275,1999 209,1999"/>
            <TextLine id="r1l35" custom="readingOrder {index:0;}">
                <Coords points="285,1984 489,1989 503,2002 529,1986 726,1986 726,1954 285,1948"/>
                <Baseline points="292,1979 317,1980 342,1980 367,1980 392,1980 417,1980 443,1980 468,1980 493,1980 518,1980 543,1980 568,1980 594,1980 619,1980 644,1980 669,1980 694,1979 720,1979"/>
                <TextEquiv>
                    <Unicode>Im dreizeitigen Metrum:</Unicode>
                </TextEquiv>
            </TextLine>
            <TextEquiv>
                <Unicode>Im dreizeitigen Metrum:</Unicode>
            </TextEquiv>
        </TextRegion>
        <GraphicRegion id="Graphic_1612730191977_3925" custom="readingOrder {index:12;} structure {type:floating;}">
            <Coords points="209,1999 1275,1999 1275,2160 209,2160"/>
        </GraphicRegion>
    </Page>
</PcGts>
