1444 2597
710 203 797 251 330
213 300 1282 346 Zeittheil in Anspruch nimmt, zuzuschreiben. Es ist ein
215 349 1283 403 Moment absoluter Kürze, das mit dem darauf folgenden,
226 404 927 451 relativ langen, sich zusammenschliesst.
311 458 884 515 134. Wenn die metrische Figur:
212 604 782 652 als vierzeitige die Accentuirung
220 748 862 796 erhielt, als doppel-zweizeitige aber,
226 899 1281 954 ausser der vierten Zeit, welche schon in jener accentlos ist,
227 956 1283 1011 auch die zweite als accentlose musste fallen lassen; so wird
225 1012 895 1066 der punctirte Rhythmus dieser Figur:
226 1148 1281 1203 die Accentunterschiede, die vierfachen des vierzeitigen,
229 1207 1288 1251 wie die dreifachen des doppel-zweizeitigen Metrums in weit
221 1252 1269 1307 geringerem Grade bemerkbar werden lassen; indem hier,
226 1315 1287 1356 durch die der zweiten, dritten und vierten Zeit vorausgesetzte
216 1363 1284 1403 Kürze, jedem dieser Momente auf gleiche Weise ein Accent
220 1421 1281 1467 ertheilt wird, und sich damit eine Accentbestimmung von
223 1475 758 1524 vier gleichbetonten Momenten
217 1627 753 1684 an die Stelle der vierzeitigen
222 1792 668 1843 oder doppel-zweizeitigen
221 1932 319 1978 setzt.
306 1980 1298 2024 135. Die Kürze hat in der punctirten Bewegung, wie
211 2044 1291 2091 schon bemerkt ist, keine metrische Quantität; sobald eine
