<?xml version="1.0" encoding="UTF-8" standalone="yes"?>
<PcGts xmlns="http://schema.primaresearch.org/PAGE/gts/pagecontent/2013-07-15" xmlns:xsi="http://www.w3.org/2001/XMLSchema-instance" xsi:schemaLocation="http://schema.primaresearch.org/PAGE/gts/pagecontent/2013-07-15 http://schema.primaresearch.org/PAGE/gts/pagecontent/2013-07-15/pagecontent.xsd">
    <Metadata>
        <Creator>prov=University of Rostock/Institute of Mathematics/CITlab|PLANET AI GmbH/Gundram Leifert/gundram.leifert@planet-ai.de:name=ONB_Newseye_GT_M1+(htr_id=10810)::::v=2.6.7
prov=University of Rostock/Institute of Mathematics/CITlab|PLANET AI GmbH/Tobias Gruening/tobias.gruening@planet-ai.de:name=de.uros.citlab.module.baseline2polygon.B2PSeamMultiOriented:v=2.6.7
prov=University of Rostock/Institute of Mathematics/CITlab|PLANET AI GmbH/Tobias Gruening/tobias.gruening@planet-ai.de:name=/net_tf/LA73_249_0mod360.pb:de.uros.citlab.segmentation.CITlab_LA_ML:v=2.6.6
Transkribus</Creator>
        <Created>2021-02-02T15:22:41.955+01:00</Created>
        <LastChange>2021-03-23T15:57:17.223+01:00</LastChange>
        <TranskribusMetadata docId="598856" pageId="23847102" pageNr="384" tsid="54101095" status="DONE" userId="74363" imgUrl="https://files.transkribus.eu/Get?id=XZENBILUGBJJFHMOBEPQZJDN&amp;fileType=view" xmlUrl="https://files.transkribus.eu/Get?id=IQPEZEXPUFONYCSSPXMXLVUI" imageId="18303568"/>
    </Metadata>
    <Page imageFilename="Hauptmann1853-0393.jpg" imageWidth="1444" imageHeight="2597" type="content">
        <ReadingOrder>
            <OrderedGroup id="ro_1624196739847" caption="Regions reading order">
                <RegionRefIndexed index="0" regionRef="TextRegion_1612995797560_3835"/>
                <RegionRefIndexed index="1" regionRef="TextRegion_1612995797560_3834"/>
                <RegionRefIndexed index="2" regionRef="TextRegion_1612995791231_3830"/>
                <RegionRefIndexed index="4" regionRef="TextRegion_1612995784969_3822"/>
                <RegionRefIndexed index="6" regionRef="TextRegion_1612995775056_3814"/>
                <RegionRefIndexed index="8" regionRef="TextRegion_1612995767184_3806"/>
            </OrderedGroup>
        </ReadingOrder>
        <TextRegion orientation="0.0" type="page-number" id="TextRegion_1612995797560_3835" custom="readingOrder {index:0;} structure {type:page-number;}">
            <Coords points="195,237 1256,237 1256,288 195,288"/>
            <TextLine id="r1l1" custom="readingOrder {index:0;}">
                <Coords points="694,273 710,273 719,264 729,273 740,267 773,266 773,234 765,234 758,227 717,229 694,227"/>
                <Baseline points="700,262 733,262 766,262"/>
                <TextEquiv>
                    <Unicode>374</Unicode>
                </TextEquiv>
            </TextLine>
            <TextEquiv>
                <Unicode>374</Unicode>
            </TextEquiv>
        </TextRegion>
        <TextRegion orientation="0.0" type="paragraph" id="TextRegion_1612995797560_3834" custom="readingOrder {index:1;} structure {type:paragraph;}">
            <Coords points="195,288 1256,288 1256,899 195,899"/>
            <TextLine id="r1l2" custom="readingOrder {index:0;}">
                <Coords points="203,363 1255,363 1255,331 1132,315 203,330"/>
                <Baseline points="210,354 264,354 319,355 374,355 428,355 483,355 538,355 592,355 647,354 702,354 756,354 811,354 866,354 920,354 975,355 1030,355 1084,355 1139,355 1194,356 1249,356"/>
                <TextEquiv>
                    <Unicode>unterliegt, auch metrisch in manchen Fällen nur die eine</Unicode>
                </TextEquiv>
            </TextLine>
            <TextLine id="r1l3" custom="readingOrder {index:1;}">
                <Coords points="205,419 1256,410 1240,380 1148,371 205,379"/>
                <Baseline points="211,407 265,407 320,407 375,407 429,407 484,407 539,407 593,407 648,407 703,407 757,406 812,406 867,406 921,407 976,407 1031,407 1085,407 1140,408 1195,408 1250,409"/>
                <TextEquiv>
                    <Unicode>oder die andere Stelle einnehmen will. So wird die Quart¬</Unicode>
                </TextEquiv>
            </TextLine>
            <TextLine id="r1l4" custom="readingOrder {index:2;}">
                <Coords points="203,468 1262,474 1262,433 1224,429 204,435"/>
                <Baseline points="210,459 262,459 314,459 366,459 419,459 471,459 523,459 575,459 628,459 680,459 732,459 784,459 837,460 889,460 941,460 993,460 1046,461 1098,461 1150,461 1202,462 1255,462"/>
                <TextEquiv>
                    <Unicode>sextlage des tonischen Dreiklanges, wenn sie in Folge des</Unicode>
                </TextEquiv>
            </TextLine>
            <TextLine id="r1l5" custom="readingOrder {index:3;}">
                <Coords points="206,523 1263,515 1190,475 680,500 206,476"/>
                <Baseline points="212,511 264,512 316,512 368,513 420,513 473,513 525,513 577,513 629,513 681,513 734,513 786,513 838,513 890,513 942,513 995,513 1047,513 1099,513 1151,513 1203,513 1256,513"/>
                <TextEquiv>
                    <Unicode>Unterdominantaccordes in den Oberdominantaccord über¬</Unicode>
                </TextEquiv>
            </TextLine>
            <TextLine id="r1l6" custom="readingOrder {index:4;}">
                <Coords points="197,586 1257,568 1257,543 1141,532 197,543"/>
                <Baseline points="204,567 256,566 308,566 360,566 413,565 465,565 517,565 570,565 622,565 674,565 727,565 779,565 831,565 883,565 936,565 988,566 1040,565 1093,565 1145,565 1197,565 1250,565"/>
                <TextEquiv>
                    <Unicode>geht und zum Schlusse führt, allezeit eine metrisch we¬</Unicode>
                </TextEquiv>
            </TextLine>
            <TextLine id="r1l7" custom="readingOrder {index:5;}">
                <Coords points="200,626 1197,636 1260,626 1260,595 200,596"/>
                <Baseline points="207,619 259,619 311,619 363,619 416,619 468,619 520,619 573,619 625,619 677,619 730,619 782,619 834,619 886,619 939,619 991,619 1043,619 1096,619 1148,620 1200,620 1253,620"/>
                <TextEquiv>
                    <Unicode>sentlich positive oder accentuirte Stelle, die Auflösung in</Unicode>
                </TextEquiv>
            </TextLine>
            <TextLine id="r1l8" custom="readingOrder {index:6;}">
                <Coords points="209,683 1258,674 1189,635 913,660 849,635 209,635"/>
                <Baseline points="216,672 267,671 319,671 371,671 423,671 475,671 526,671 578,671 630,671 682,671 734,671 785,671 837,671 889,671 941,671 993,671 1044,671 1096,671 1148,671 1200,670 1252,670"/>
                <TextEquiv>
                    <Unicode>den Oberdominantaccord eine zweite, accentlose verlan¬</Unicode>
                </TextEquiv>
            </TextLine>
            <TextLine id="r1l9" custom="readingOrder {index:7;}">
                <Coords points="198,745 979,718 1239,747 1254,701 198,702"/>
                <Baseline points="205,724 257,724 309,724 361,724 413,723 465,723 517,723 569,723 621,723 673,723 726,723 778,723 830,723 882,723 934,723 986,724 1038,724 1090,724 1142,724 1194,724 1247,724"/>
                <TextEquiv>
                    <Unicode>gen. Hier ist es eben die in der Natur der Accordlage</Unicode>
                </TextEquiv>
            </TextLine>
            <TextLine id="r1l10" custom="readingOrder {index:8;}">
                <Coords points="207,786 1255,795 1239,747 1046,739 207,755"/>
                <Baseline points="213,778 264,777 316,777 368,776 420,776 471,776 523,776 575,776 627,776 678,776 730,776 782,776 834,777 885,777 937,777 989,777 1041,777 1092,777 1144,777 1196,777 1248,776"/>
                <TextEquiv>
                    <Unicode>enthaltene Folge und die Bedingung für das Schlussmoment,</Unicode>
                </TextEquiv>
            </TextLine>
            <TextLine id="r1l11" custom="readingOrder {index:9;}">
                <Coords points="197,841 1257,843 1257,802 197,805"/>
                <Baseline points="204,829 256,829 308,829 360,829 413,829 465,829 517,829 570,829 622,829 674,829 727,829 779,829 831,830 883,830 936,830 988,830 1040,830 1093,830 1145,830 1197,830 1250,829"/>
                <TextEquiv>
                    <Unicode>metrisch Erstes zu sein, was diesem Accorde metrische</Unicode>
                </TextEquiv>
            </TextLine>
            <TextLine id="r1l12" custom="readingOrder {index:10;}">
                <Coords points="206,890 420,899 432,890 577,888 577,863 544,844 510,858 482,844 428,861 288,851 244,861 206,851"/>
                <Baseline points="212,879 237,880 263,882 288,882 314,882 339,882 365,882 391,882 416,881 442,881 467,881 493,881 518,881 544,882 570,883"/>
                <TextEquiv>
                    <Unicode>Bestimmung ertheilt.</Unicode>
                </TextEquiv>
            </TextLine>
            <TextEquiv>
                <Unicode>unterliegt, auch metrisch in manchen Fällen nur die eine&#13;
oder die andere Stelle einnehmen will. So wird die Quart¬&#13;
sextlage des tonischen Dreiklanges, wenn sie in Folge des&#13;
Unterdominantaccordes in den Oberdominantaccord über¬&#13;
geht und zum Schlusse führt, allezeit eine metrisch we¬&#13;
sentlich positive oder accentuirte Stelle, die Auflösung in&#13;
den Oberdominantaccord eine zweite, accentlose verlan¬&#13;
gen. Hier ist es eben die in der Natur der Accordlage&#13;
enthaltene Folge und die Bedingung für das Schlussmoment,&#13;
metrisch Erstes zu sein, was diesem Accorde metrische&#13;
Bestimmung ertheilt.</Unicode>
            </TextEquiv>
        </TextRegion>
        <TextRegion orientation="0.0" id="TextRegion_1612995791231_3830" custom="readingOrder {index:2;} structure {type:paragraph-continued;}">
            <Coords points="195,899 1256,899 1256,1112 195,1112"/>
            <TextLine id="r1l13" custom="readingOrder {index:0;}">
                <Coords points="286,947 1262,948 1262,905 286,900"/>
                <Baseline points="292,933 340,933 388,933 436,933 484,933 533,933 581,933 629,933 677,933 725,933 774,933 822,934 870,934 918,934 966,934 1015,934 1063,934 1111,934 1159,935 1207,935 1256,935"/>
                <TextEquiv>
                    <Unicode>8. Sonst lässt sich aber von Dreiklangsverbindungen</Unicode>
                </TextEquiv>
            </TextLine>
            <TextLine id="r1l14" custom="readingOrder {index:1;}">
                <Coords points="193,995 1254,995 1262,962 193,963"/>
                <Baseline points="199,987 251,987 304,987 357,987 410,987 463,987 515,987 568,987 621,987 674,987 727,987 779,987 832,987 885,987 938,988 991,988 1043,988 1096,988 1149,988 1202,988 1255,989"/>
                <TextEquiv>
                    <Unicode>in dieser Beziehung überhaupt nur sagen, dass keine Art der</Unicode>
                </TextEquiv>
            </TextLine>
            <TextLine id="r1l15" custom="readingOrder {index:2;}">
                <Coords points="203,1052 1259,1043 1201,1004 203,1012"/>
                <Baseline points="210,1040 262,1040 314,1040 366,1040 418,1040 470,1040 522,1040 574,1040 626,1040 678,1040 731,1040 783,1041 835,1041 887,1041 939,1041 991,1041 1043,1041 1095,1041 1147,1041 1199,1041 1252,1040"/>
                <TextEquiv>
                    <Unicode>metrischen Aufeinanderfolge in ihnen der Möglichkeit unbe¬</Unicode>
                </TextEquiv>
            </TextLine>
            <TextLine id="r1l16" custom="readingOrder {index:3;}">
                <Coords points="202,1107 1185,1105 1185,1070 1111,1060 202,1065"/>
                <Baseline points="208,1092 256,1092 305,1092 353,1092 402,1092 450,1092 499,1092 547,1093 596,1093 644,1093 693,1093 741,1093 790,1093 838,1093 887,1093 935,1093 984,1093 1032,1093 1081,1093 1129,1093 1178,1093"/>
                <TextEquiv>
                    <Unicode>dingt entgegen ist. Denn wie die Folgen der Dreiklänge</Unicode>
                </TextEquiv>
            </TextLine>
            <TextEquiv>
                <Unicode>8. Sonst lässt sich aber von Dreiklangsverbindungen
in dieser Beziehung überhaupt nur sagen, dass keine Art der
metrischen Aufeinanderfolge in ihnen der Möglichkeit unbe¬
dingt entgegen ist. Denn wie die Folgen der Dreiklänge</Unicode>
            </TextEquiv>
        </TextRegion>
        <GraphicRegion id="Graphic_1612995859284_3847" custom="readingOrder {index:3;} structure {type:floating;}">
            <Coords points="195,1112 1256,1112 1256,1335 195,1335"/>
        </GraphicRegion>
        <TextRegion orientation="0.0" id="TextRegion_1612995784969_3822" custom="readingOrder {index:4;} structure {type:paragraph-continued;}">
            <Coords points="195,1335 1256,1335 1256,1547 195,1547"/>
            <TextLine id="r1l22" custom="readingOrder {index:0;}">
                <Coords points="191,1379 1204,1395 1248,1372 931,1331 191,1348"/>
                <Baseline points="197,1371 249,1370 301,1370 353,1369 406,1369 458,1369 510,1369 562,1369 615,1370 667,1370 719,1371 771,1371 824,1371 876,1372 928,1372 980,1372 1033,1372 1085,1372 1137,1371 1189,1370 1242,1370"/>
                <TextEquiv>
                    <Unicode>metrisch- und harmonisch-Gleiches und ebenso Entgegenge¬</Unicode>
                </TextEquiv>
            </TextLine>
            <TextLine id="r1l23" custom="readingOrder {index:1;}">
                <Coords points="197,1435 1256,1427 1256,1400 1171,1387 197,1396"/>
                <Baseline points="203,1423 255,1423 307,1422 360,1422 412,1422 464,1422 517,1422 569,1422 621,1423 674,1423 726,1423 778,1424 831,1424 883,1424 935,1424 988,1424 1040,1424 1092,1424 1145,1424 1197,1423 1250,1423"/>
                <TextEquiv>
                    <Unicode>setztes verbunden enthalten, wie eben auch die unverbun¬</Unicode>
                </TextEquiv>
            </TextLine>
            <TextLine id="r1l24" custom="readingOrder {index:2;}">
                <Coords points="196,1483 1257,1484 1257,1455 1191,1444 196,1446"/>
                <Baseline points="203,1475 255,1475 307,1474 360,1474 412,1475 465,1475 517,1475 569,1475 622,1475 674,1476 727,1476 779,1476 831,1476 884,1477 936,1477 989,1477 1041,1477 1093,1477 1146,1477 1198,1477 1251,1477"/>
                <TextEquiv>
                    <Unicode>denen Dominantaccorde in vierfach harmonisch-metrischem</Unicode>
                </TextEquiv>
            </TextLine>
            <TextLine id="r1l25" custom="readingOrder {index:3;}">
                <Coords points="201,1539 853,1539 853,1507 809,1492 768,1512 648,1492 575,1507 560,1491 360,1492 304,1510 201,1491"/>
                <Baseline points="208,1527 239,1527 271,1528 303,1528 335,1528 367,1528 399,1528 431,1528 463,1528 495,1528 527,1528 558,1529 590,1529 622,1529 654,1529 686,1529 718,1529 750,1529 782,1530 814,1530 846,1530"/>
                <TextEquiv>
                    <Unicode>Sinne aufeinanderfolgen können als:</Unicode>
                </TextEquiv>
            </TextLine>
            <TextEquiv>
                <Unicode>metrisch- und harmonisch-Gleiches und ebenso Entgegenge¬
setztes verbunden enthalten, wie eben auch die unverbun¬
denen Dominantaccorde in vierfach harmonisch-metrischem
Sinne aufeinanderfolgen können als:</Unicode>
            </TextEquiv>
        </TextRegion>
        <GraphicRegion id="Graphic_1612995875148_3855" custom="readingOrder {index:5;} structure {type:floating;}">
            <Coords points="195,1547 1256,1547 1256,1763 195,1763"/>
        </GraphicRegion>
        <TextRegion orientation="0.0" id="TextRegion_1612995775056_3814" custom="readingOrder {index:6;} structure {type:paragraph-continued;}">
            <Coords points="195,1763 1256,1763 1256,1869 195,1869"/>
            <TextLine id="r1l30" custom="readingOrder {index:0;}">
                <Coords points="190,1804 1255,1802 1233,1763 190,1771"/>
                <Baseline points="197,1796 249,1796 302,1796 354,1796 407,1796 460,1796 512,1797 565,1797 617,1797 670,1798 723,1798 775,1798 828,1798 880,1799 933,1799 986,1799 1038,1799 1091,1798 1143,1798 1196,1798 1249,1797"/>
                <TextEquiv>
                    <Unicode>so wird auch jeder Uebergang aus dem tonischen Drei¬</Unicode>
                </TextEquiv>
            </TextLine>
            <TextLine id="r1l31" custom="readingOrder {index:1;}">
                <Coords points="190,1860 988,1859 988,1826 842,1811 316,1830 190,1812"/>
                <Baseline points="197,1850 236,1850 275,1849 314,1849 353,1849 393,1849 432,1849 471,1850 510,1850 549,1850 589,1850 628,1850 667,1850 706,1850 745,1850 785,1851 824,1851 863,1851 902,1851 941,1851 981,1852"/>
                <TextEquiv>
                    <Unicode>klange zu den verbundenen Molldreiklängen:</Unicode>
                </TextEquiv>
            </TextLine>
            <TextEquiv>
                <Unicode>so wird auch jeder Uebergang aus dem tonischen Drei¬
klange zu den verbundenen Molldreiklängen:</Unicode>
            </TextEquiv>
        </TextRegion>
        <GraphicRegion id="Graphic_1612995883359_3862" custom="readingOrder {index:7;} structure {type:floating;}">
            <Coords points="195,1869 1256,1869 1256,2060 195,2060"/>
        </GraphicRegion>
        <TextRegion orientation="0.0" id="TextRegion_1612995767184_3806" custom="readingOrder {index:8;} structure {type:paragraph-continued;}">
            <Coords points="195,2060 1256,2060 1256,2143 195,2143"/>
            <TextLine id="r1l39" custom="readingOrder {index:0;}">
                <Coords points="189,2105 1045,2106 1045,2072 926,2060 189,2066"/>
                <Baseline points="195,2095 237,2096 279,2096 321,2097 363,2097 405,2097 447,2097 490,2097 532,2097 574,2097 616,2097 658,2097 700,2097 742,2097 785,2097 827,2097 869,2098 911,2098 953,2098 995,2099 1038,2099"/>
                <TextEquiv>
                    <Unicode>wie zu den getrennt abliegenden verminderten:</Unicode>
                </TextEquiv>
            </TextLine>
            <TextEquiv>
                <Unicode>wie zu den getrennt abliegenden verminderten:</Unicode>
            </TextEquiv>
        </TextRegion>
    </Page>
</PcGts>
