1444 2597
656 217 743 268 355
252 316 1240 363 In diesen metrisch verschiedenen Bildungen, deren
167 373 1230 411 organische Bedingungen uns aus dem Früheren bekannt
170 419 1231 468 sind, kann die rhythmische Bestimmung, wie sie durch
174 468 1228 516 den sprachlichen Inhalt, nach logischer Bedeutung und von
178 523 1225 572 der metrischen unabhängig, gegeben wird, immer noch die
175 580 1221 628 mannigfaltigste sein, da sie nur in den Accentbestimmun¬
166 635 818 680 gen mit dieser in Berührung kommt.
260 684 1225 732 177. Bei der so vielfach möglichen Bedeutung, die eine
167 739 1221 779 solche Gliederreihe annehmen kann, ist ohne nähere Be¬
176 795 1226 835 zeichnung eine metrische Bestimmtheit an ihr eben nicht
168 851 1232 883 zu erkennen. Die Kenntniss des Metrums kann uns nur aus
167 891 1233 938 der praktischen Anwendung, hier aus dem Hexameter
166 947 1223 1003 selbst gekommen sein. An diesem wissen wir aus Erfahrung,
178 1003 1231 1043 dass er seinen Hauptabschnitt in der Mitte hat, dass er somit
169 1050 1228 1099 in zweimal-dreizeitiger Formation besteht: dass er ein
171 1115 1231 1162 tripodischer Dimeter ist. Ferner wird der Anfang der
168 1168 1219 1212 zweiten Hälfte als ein vorzüglich betontes Moment wahrge¬
171 1218 1224 1259 nommen; der rhythmische Zug strebt nach diesem Momente
175 1276 1230 1308 als einem Höhepuncte hin, von welchem ab er nach dem
180 1315 1231 1363 Ende zu sich wieder zu senken scheint. Wir dürfen also
175 1371 1233 1419 das zweite Hauptglied des doppel-dreizeitigen Ganzen als
166 1420 1226 1474 das hauptsächlich accentuirte, als das in höchster Ordnung
167 1476 1233 1523 betonte oder positive dieser höchsten Ordnung annehmen;
165 1530 1235 1580 damit ist die Hauptformation des Metrums zu einer steigend
169 1587 756 1628 spondeïschen Dipodie bestimmt:
257 1796 1228 1847 Wenn die daktylische Gliederung als trochäisch-dak¬
166 1860 1229 1907 tylische gesetzt wird, so ergibt sich für jede Vershälfte eine
165 1908 549 1955 trochäische Tripodie:
