1444 2597
696 212 803 260 344
219 308 510 362 die daktylische:
216 427 584 475 in die anapästische:
307 579 1283 635 161. Es werden sich aber eben auch rhythmische
221 644 1273 688 Gliederungen positiver und negativer Bedeutung in dem¬
217 706 1283 756 selben Metrum willig verbinden, wie z. B. die anapästische
214 747 595 804 mit der daktylischen,
212 940 901 995 die daktylische mit der anapästischen,
213 1140 1271 1187 ohne die metrische Ordnung und Einheit zu gefährden:
221 1195 1269 1243 denn diese nimmt keinen Theil an der rhythmischen Be¬
221 1252 1275 1295 schaffenheit der Glieder, die nur als Zeitganze der metri¬
209 1308 755 1355 schen Bestimmung angehören.
213 1428 1273 1475 Unterschied des metrischen und rhythmischen oder
289 1492 1191 1546 des spondeïschen und trochäischen Daktylus.
295 1580 1272 1636 162. Wir haben das dritte Moment der ungleichzeiti¬
212 1643 1278 1682 gen positiv-rhythmischen Gliederung, das, wo die Kürze
209 1691 1274 1731 des Trochäen an einer ihr vorangesetzten kleineren Kürze
213 1740 661 1795 auch als Länge erscheint,
212 1900 1279 1947 einen Daktylus genannt. Die rhythmische Beschaffenheit
205 1948 1266 1994 dieses Fusses sowohl, wie auch die darauf sich gründende
202 2004 1269 2051 Bezeichnung trifft aber nicht mit Dem überein, was man
207 2059 1277 2102 insgemein in der Metrik den Daktylus nennt, und wie man
