1444 2597
741 234 821 278 86
287 324 1308 367 III. Septimenaccord, welcher durch den Uebergang aus
362 389 1296 427 einem Dreiklange in einen anderen, unverbun¬
371 427 667 475 denen entsteht.
322 485 1295 531 A) Durch den zwischenliegenden Dreiklang vermittelt.
408 540 1298 595 a) Vom tonischen Dreiklange nach dem vermin¬
465 588 1300 635 derten der Unterdominantseite, von C-e-G nach
461 643 587 699 D|F-a:
403 831 1300 890 b) Vom tonischen Dreiklange nach dem vermin¬
464 884 1309 931 derten der Oberdominantseite, von C-e-G nach
466 940 574 994 h-D|F:
318 1124 1303 1172 B) In der Dreiklangssuccession ohne vermittelnd sub¬
380 1180 696 1227 stituirten Accord.
404 1235 1298 1291 a) Vom tonischen Dreiklange nach dem vermin¬
467 1285 1310 1331 derten der Unterdominantseite, von C-e-G nach
472 1340 590 1395 D|F-a:
405 1492 1305 1555 b) Vom tonischen Dreiklange nach dem vermin¬
457 1551 1301 1594 derten der Oberdominantseite: von C-e-G nach
469 1604 586 1659 h-D|F:
508 1797 1026 1851 Auflösung der Dissonanz.
623 1883 909 1939 1) Im Vorhalte.
329 1964 1294 2011 125. Die Auflösung der Dissonanz des Vorhaltes be¬
242 2020 1301 2066 steht darin, dass die Doppelbedeutung, welche durch zwei
236 2075 1304 2127 gegen einander dissonirende Töne in einem dritten ent¬
