1444 2597
635 219 731 264 365
153 316 1216 361 werde durch unverständige, widersinnige Betonung; nicht
157 364 1205 412 aber, dass der musikalische in alle seine Einzelheiten ein¬
157 426 1226 474 gehe und sie mit Tönen auszudrücken suche: denn die
152 475 1213 515 Musik betont den Gefühlscomplex, der in den Worten ent¬
149 523 700 571 halten, nicht die Worte selbst.
239 579 1215 618 Die Musik ist der Algebra zu vergleichen; die Wort¬
157 627 1196 676 sprache der Zahlenrechnung. Was die Musik in allge¬
161 683 1206 730 meinem Ausdrucke enthält, kann die Wortsprache nur
152 731 1223 779 als Besonderes ausdrücken. Die algebraische Formel stellt
158 788 1214 835 das Ineinander-weben und wirken der Factoren dar: die
154 839 1206 897 Factoren und das Product in Einem. Die Zahlenrechnung
157 899 1211 939 entweder nur die Factoren oder nur das Product. Jene
156 947 1212 994 hat aber die allgemeine Bedeutung für unendlich viele zu
157 995 1212 1044 setzende Einzelwerthe. So ist die Musik. Man hat öfters
157 1053 1201 1107 den Versuch machen sehen, den Inhalt eines Instrumental¬
161 1107 1203 1147 musikstückes in Worten, in einem Gedichte auszusprechen.
153 1155 1208 1203 Das Resultat kann nie befriedigend ausfallen. Wenn der
161 1211 1209 1259 algebraische Ausdruck a + b = c setzt, und man in Zah¬
161 1260 1203 1307 lenwerth dafür setzen will 2 + 3 = 5, so ist diese An¬
158 1316 1213 1363 wendung der Formel allerdings eine ganz richtige; es lassen
154 1371 1204 1427 sich aber für a und b unendlich viele andere Werthe setzen,
163 1421 1209 1467 die c als eine andere Summe ergeben und wo die Factoren¬
157 1475 1205 1523 combination ebenso richtig den Inhalt der Formel erfüllt.
156 1530 1216 1586 So wird auch dieselbe Musik verschiedenste Wortauslegung
153 1579 1205 1627 finden können, und von keiner wird zu sagen sein, dass
156 1636 1211 1682 sie die erschöpfende sei, dass sie die eigentliche und die
154 1684 1211 1739 ganze Bedeutung der Musik enthalte; diese ist eben auf das
152 1739 1208 1786 Bestimmteste nur in ihr selbst enthalten. Nicht die Musik
153 1788 1204 1834 hat den unbestimmten Sinn: sie sagt einem Jeden Das¬
154 1846 1204 1890 selbe; sie spricht zum Menschen und sagt nur mensch¬
152 1899 1209 1939 lich Gefühltes. Eine Mehrdeutigkeit kommt erst zum
154 1948 1207 1987 Vorschein, wenn Jeder in seiner Weise den Gefühlsein¬
145 1996 1214 2043 druck, den er empfängt, in einen besonderen Gedanken
150 2052 1210 2102 fassen, wenn er das flüssige Wesen der Musik fixiren, das
151 2108 804 2163 Unaussprechliche aussprechen will. —
