1444 2597
521 699 876 748 EINLEITUNG.
232 860 1227 931 Es war immer gebräuchlich, den Lehrbüchern des Ge¬
163 939 1221 995 neralbasses und der Composition ein akustisches Capitel
167 988 1226 1034 vorangehen zu lassen. In diesem werden die Verhältnisse
165 1042 1223 1099 der Intervalle in bekannter Weise nach Schwingungszahl
171 1100 1222 1139 oder nach Saitenlänge dargelegt: Das Verhältniss der Octav
174 1148 1228 1195 als 1:2; der Quint, 2:3; der Quart, 3:4; der grossen
171 1204 1217 1260 Terz, 4:5; der kleinen Terz, 5:6; der grossen Secund,
168 1252 951 1300 8:9 und 9:10; der kleinen Secund 15:16.
249 1308 1226 1355 Im Schwingungsverhältniss wird die grössere Zahl dem
164 1356 1227 1402 höhern Tone des Intervalles zukommen, im Verhältniss der
173 1412 1223 1460 Saitenlänge wird dieser durch die kleinere Zahl bezeichnet.
258 1467 1229 1512 Die meisten Theoretiker finden sodann in den Zahlen
175 1516 1224 1563 1, 3 und 5, in ihren Verdoppelungen, Potenzen und wech¬
171 1572 1222 1619 selseitigen Producten die Bestimmung aller harmonischen
172 1627 465 1667 Tonverhältnisse.
256 1675 1227 1724 Einige suchen dieselbe in der fortlaufenden Zahlenreihe
170 1739 1226 1771 von 1 bis 16 und legen den Gliedern dieser Reihe die Töne
169 1779 636 1828 auf folgende Weise unter:
257 1939 1224 1988 Die zu den Zahlen 7, 11, 13 und 14 gesetzten Töne
166 1989 1220 2043 wollen allerdings der reinen Intonation nicht entsprechen;
167 2044 1125 2090 b wird zu tief, f zu hoch, a wieder zu tief erscheinen.
