1444 2597
728 202 798 251 314
233 299 1290 348 Symmetrie wie das Räumliche. Im Architectonischen könn¬
236 347 1298 394 ten wir die bilaterale Breite das räumlich-Räumliche, die
235 404 1292 451 Höhe das zeitlich-Räumliche nennen. Die Symmetrie ist nur
229 452 1298 498 in dem räumlich-Räumlichen, in den sich entgegenstehenden
233 507 1300 555 Seiten der Breitendimension zu finden. Die Höhe ist eine
239 564 1301 610 Progression, ist Evolution, sie kann nicht gleiche Theile
237 626 1291 660 einander entgegensetzen. Sie hat überhaupt in sich keinen
237 667 1298 713 Gegensatz; sie ist die absolute Einheit an sich, wie die
231 715 1289 764 Breite die absolute Zweiheit an sich ist; und das Eine im
233 772 1211 819 Anderen ist erst die wirkliche bestimmte Räumlichkeit.
329 828 1292 868 105. Bisher haben wir in den metrischen Bestimm¬
233 891 1290 924 ungen des Zeitlichen nur Das kennen lernen, was sich dem
238 931 1295 980 räumlich-Räumlichen vergleichen lässt: nämlich das
239 986 1297 1039 räumlich-Zeitliche; was demgemäss auch seinen Begriff
238 1036 1291 1083 der Symmetrie in zeitlicher Bedeutung, sein Gleichförmiges
241 1091 1294 1131 im Gegensatze in sich hat. Es muss diesem räumlich-
239 1140 1289 1187 Zeitlichen ein zeitlich-Zeitliches entgegenstehen: ein
229 1196 1295 1243 Zeitbegriff, welcher dem zeitlich-räumlichen Raumbegriffe
245 1244 1286 1298 der Höheneinheit entspricht, wie das räumlich-Zeitliche,
241 1299 1293 1346 die bisherigen metrischen Bestimmungen, dem räumlich-
237 1347 1291 1395 Räumlichen, dem bilateralen Gegensatze der Zweiheit, der
235 1404 996 1451 Breite, entsprechend gesetzt werden kann.
329 1459 1291 1499 Wir haben diese Seite metrischer Bestimmung in
238 1507 1283 1556 ihrem Begriffe und ihrer Erscheinung jetzt zu betrach¬
241 1565 1291 1611 ten; zugleich aber wird es nahe liegen, wie sie im
235 1620 1300 1666 Raumbegriffe ihr Correlatives findet, auch ihre Beziehung
241 1667 1295 1716 zu einer Seite des harmonischen Begriffes aufzusuchen.
231 1723 1299 1763 Diese kann nicht fehlen; denn es würde eine musika¬
240 1771 1287 1826 lische Metrik und metrische Musik nicht geben können,
242 1834 1291 1883 wenn die musikalischen und metrischen Bestimmungen
229 1883 1295 1938 nicht in derselben Natur und Gesetzmässigkeit begründet
233 1931 361 1979 wären.
319 1987 1294 2026 106. Die metrischen Bestimmungen, wie dieselben
226 2035 1295 2083 sich im Vorigen ergeben, sind bei aller Mannigfaltigkeit der
