1444 2597
630 219 694 267 13
129 320 1190 364 so werden wir auch durch ihn den Aufschluss für jeden
130 364 1169 412 Einzelfall im besonderen Vorkommen leicht erlangen kön¬
127 427 1191 476 nen. Für unsern Zweck, der hauptsächlich das Allgemeine
130 468 1185 514 im Besonderen, den Theil nur in Bezug auf sein Ganzes er¬
129 524 1190 570 klärend darlegen möchte, kann die Untersuchung in das
130 578 1185 618 Besondere nur so weit eingehen, als es zur Erklärung des
130 636 1193 683 Allgemeinen in ihm erforderlich ist; sie entlässt es, wo es
131 683 1185 723 die Bestimmung für seine Art gefunden hat, zu anderweiti¬
124 737 1187 795 ger specieller und praktischer Betrachtung, die hier nicht
131 787 430 835 aufzunehmen ist.
211 843 1184 883 So ist auch ein letzter Abschluss für diese Lehre in ihr
130 891 1172 940 selbst nicht möglich. Sie hat ihren Schluss im Gesammt¬
122 948 1176 994 begriffe des Ganzen, wie der Begriff in diesem sich ausein¬
125 999 1185 1043 ander legt und ebenso wieder in jedem Einzelnen concen¬
124 1052 1177 1096 trirt enthalten ist. Die Lehre bleibt, so weit sie auch fort¬
127 1108 1175 1162 geführt, soweit das Ende hinausgesetzt werden möge, im¬
132 1170 1188 1203 mer ohne Schluss, und wird es ihrer Natur nach bleiben
126 1218 1182 1260 müssen, wenn sie das organische Wirken und Weben in
122 1274 1157 1323 seiner lebendigen Fortbildung entfalten und darlegen soll.
214 1316 1180 1363 Wie die organische Lehre kein Ende hat, so hat sie
131 1355 1183 1419 auch keinen Anfang. Beides ist überall zu suchen und nir¬
127 1434 1186 1475 gends zu finden, da das Aeusserlich-äusserste, wie das
122 1475 1186 1524 Innerlich-innerste nur dasselbe Eine in sich ist. So würde
125 1532 1182 1570 eine Theorie für die Gegenstände des Musikgebietes, wie
129 1580 1175 1627 sie hier mit der Untersuchung der Klangerscheinung be¬
125 1635 1185 1691 ginnt, ebensowohl auch von einer metrischen Manifestation
129 1684 1187 1731 des Begriffes, von der letzten rhythmischen, dem trochäi¬
125 1746 1180 1794 schen Daktylus, ihren Ausgang nehmen können, um im
125 1796 1179 1850 Fortgange auf jene hier zuerst betrachtete Klangerscheinung
130 1844 1181 1891 als letzte zu gelangen. Im organischen Begriffe ist jeder An¬
121 1899 1175 1946 fang auch Ende und damit ist der Begriff eben ein endlich-
120 1960 1187 1996 unendlicher, weil jedes Ende auch Anfang in ihm ist: wie
129 2003 1185 2051 der Keim nur in der Frucht enthalten und die Frucht nur
116 2065 1181 2099 aus dem Keime entstanden sein kann. So lehrt uns die
