1444 2597
697 219 764 267 24
201 315 1263 364 aber kein Gegensatz; der verständige Gegensatz kann nur
197 371 736 427 aus der Identität hervorgehen.
278 419 1249 465 15. Wir können einen Gegenstand betrachten in seiner
193 476 1260 521 unmittelbaren Ganzheit, und den Begriff dieser Ganzheit
201 531 1254 571 fassen: das ist die Einheit der Octav. Wir können sodann
204 580 1260 627 den Gegenstand unterscheidend betrachten; z. B. in Form
206 642 1255 683 und Inhalt. So wird der verständige Gegensatz noch nicht
200 683 1254 732 darin enthalten sein, dass die Form vom Inhalte unter¬
197 747 1253 788 schieden wird, sondern erst darin: wenn wir der Form
201 795 1260 843 mit ihrem Inhalte, als andere Bestimmung, den Inhalt mit
199 844 1259 891 seiner Form entgegensetzen; dann erscheint in dieser Un¬
201 907 1256 948 terscheidung derselbe Gegenstand in entgegengesetzten
201 955 1259 996 Bestimmungen, oder als sich selbst entgegengesetzt. Das
201 1004 698 1051 ist die Zweiheit der Quint.
283 1059 1256 1115 Die Wirklichkeit ist aber in dieser Entgegensetzung
201 1115 1245 1155 aufgehoben, sie ist nicht in der Trennung beider Bestim¬
201 1177 1254 1220 mungen, sondern nur in ihrem verbundenen Zugleichsein
203 1220 1256 1267 enthalten, und das Zugleich- und In-eins-setzen des in
198 1276 1245 1331 der unterscheidenden Bestimmung sich Entgegengesetz¬
200 1323 1156 1372 ten entspricht erst dem Begriffe des wirklichen Seins.
284 1379 1258 1426 Dies ist für die Klangerscheinung in der Terz ausge¬
193 1438 1251 1475 sprochen, welche das Getrennt-Verbundene hören lässt.
194 1484 1254 1531 In ihr ist die Zweiheit Einheit geworden, nicht in dem
196 1539 1259 1587 Sinne der Unmittelbarkeit, wie ihn die Octav bietet, son¬
201 1595 1248 1635 dern in der Verbindung der an ihr denkbaren Gegensätze:
197 1650 1255 1698 als die vermittelte, organische oder wirkliche Einheit, wie
197 1701 1254 1755 der Dreiklang sie empfinden lässt, voll und befriedigend
193 1756 1255 1810 gegen die unmittelbare Ganzheit der Octav und den getrenn¬
198 1804 638 1851 ten Gegensatz der Quint.
286 1859 1250 1907 16. Dass eine weitere Fortbildung von Grundinterval¬
197 1916 1261 1955 len, als die hier dargelegte nicht möglich sei, liegt sowohl
195 1963 1251 2012 theoretisch in der Natur des Begriffes, indem überall alle
195 2019 1245 2071 Bestimmbarkeit nothwendig darin erschöpft sein muss,
190 2076 1263 2122 wenn Etwas (I) in seiner Totalität als Ganzes, (II) in seinen
