1444 2597
692 219 786 263 124
292 308 1284 353 187. Derselbe Vorgang auf das System der Molltonart
201 363 1041 411 bezogen, ergibt das in Folgendem Dargestellte
294 1268 1268 1314 188. Die drei Dissonanzbestimmungen, welche aus der
208 1323 1268 1379 getrennten tonischen Terz entstehen und die beiden Domi¬
206 1372 1271 1418 nantseiten verbinden, werden als naheverwandte in jeder
214 1427 1199 1475 Folge leicht verständlich in einander übergehen können.
295 1483 1274 1522 189. Es sind alle Fälle der Aufeinanderfolge dieser
213 1532 843 1579 drei Septimenharmonieen enthalten
297 1587 981 1634 I. für die Durtonart, in der Reihe:
284 1851 973 1907 II. für die Molltonart, in der Reihe:
