1444 2597
719 236 796 282 252
226 436 1288 475 Man nennt diesen Anfang mit accentlosem Gliede Auf¬
228 491 332 530 tact.
315 539 1252 587 50. Die vorstehenden vier metrischen Formationen, —
224 596 1279 638 welche wir nicht als vierzeitige, sondern nur als doppel-
222 644 1285 699 zweizeitige betrachten dürfen, nach dem Unterschiede,
226 700 1275 747 der sich früher zwischen beiden Bestimmungen herausge¬
229 757 1280 811 stellt, denn sie enthalten nur das Zweizeitige im Zwei¬
230 804 1283 852 zeitigen, ohne durch das Dreizeitige zu dem Vierzeitigen
220 860 1283 907 hindurch zu gehen: ihr Vierfaches ist nur die Wiederhol¬
224 909 1283 954 ung des ganzen Paares, dessen Trennung dabei nicht an¬
220 978 1289 1020 geregt ist; — diese vier Formationen also, die aus der
230 1020 1275 1075 positiven und der negativen Bedeutung des Paares nie¬
231 1075 1276 1115 derer Ordnung mit der positiven und der negativen Be¬
218 1123 1280 1164 deutung im Paare höherer Ordnung combinirt sind, wer¬
222 1180 1290 1235 den nach der Bestimmung, dass der Hauptaccent (^) auf
220 1235 1279 1272 das accentuirte Glied im accentuirten Paare, der Neben¬
223 1284 1287 1330 accent (v oder .) auf das accentuirte Glied im accentlosen
217 1339 1274 1380 Paare fallen muss, nach musikalisch-metrischer Bezeich¬
225 1387 906 1435 nung sich in folgender Weise ergeben:
217 1980 1281 2027 denn wir finden das Zusammentreffen des accentuirten Mo¬
225 2036 1279 2083 mentes beider Ordnungen, d. h. den Gliedaccent im ac¬
223 2085 1286 2131 centuirten Paare in A. a) auf der ersten, in A. b) auf der
