1444 2597
699 251 795 296 108
208 337 1275 396 menaccord mit dem ersten successiv verbindet, so wird
206 395 1271 452 auch eine Septimenreihe, welche durch das erste, dritte,
214 452 1275 491 fünfte, siebente Glied der obigen fortschreitet, eine ver¬
209 508 1279 548 ständlich vermittelte sein müssen; denn es wiederholt
217 556 1282 603 sich vom dritten zum fünften, vom fünften zum siebenten
216 604 1042 652 nur dieselbe Beziehung des ersten zum dritten.
306 659 1277 715 159. Wenn die erste Reihe eine Fortschreitung
211 715 1267 761 Terz-verwandter Dreiklänge in Septimenharmonieen zu¬
213 777 1275 819 sammenfasst, so erhalten wir in dieser zweiten, welche
215 819 1269 875 jedesmal ein Glied der ersteren ohne Aufenthalt durchgeht,
216 884 1272 931 eine Fortschreitung Quint-verwandter Dreiklänge als
221 924 1270 972 Septimenfolge. Dasselbe wird erfolgen, wenn wir durch
213 980 1272 1026 das zweite, vierte, sechste, achte Glied fortschreiten. Eine
216 1042 1274 1083 dritte Reihe, durch das erste, vierte, siebente, zehnte
213 1083 1279 1139 Glied geführt, wird, indem hier die Zusammenziehung
212 1140 1274 1178 von drei Fortschreitungen in der Folge von einem Gliede
220 1194 1271 1235 zu dem anderen enthalten ist, nach dem ersten vom
219 1243 1274 1300 Dreiklange ausgehenden Schritte, nicht mehr stetig fol¬
220 1297 1273 1351 gerecht erscheinen können; denn eine solche Progression
220 1347 1281 1394 bringt die gleichzeitige secundweise Fortbewegung dreier
219 1403 1276 1447 Stimmen mit sich, nämlich den fortgesetzten Uebergang in
212 1452 1278 1498 unverbundene Dreiklänge. Dieser ist durch vermittelnde
213 1508 1280 1555 Dreiklänge zwar folgerichtig herzustellen (90), der dadurch
220 1563 1273 1604 bedingte Stimmengang kommt aber mit dem, den hier die
220 1612 1271 1675 aufzulösende Septime erfordert, in Widerspruch, und
218 1674 1276 1723 zwar ganz entschieden bei der Folge des vierten, fünften
213 1731 1276 1772 und sechsten Gliedes dieser Reihe, so wie in den perio¬
221 1772 1277 1819 disch mit dieser Stelle correspondirenden, in welchen
216 1833 1274 1876 zweimal Dreiklänge in primärer Lage neben einander
222 1876 1269 1924 stehen. Daher werden nur diejenigen Folgen dieser
216 1932 1274 1980 Reihe, welche dem vermittelten Uebergange der un¬
217 1994 1276 2043 verbundenen Dreiklänge mit den Dissonanzforderungen
222 2047 1276 2092 gleichzeitig entsprechen, sich dem Gehöre als richtige er¬
213 2091 342 2147 geben.
