1444 2597
748 249 795 290 42
233 340 1296 388 der, wenn wir den Stillstand der Tonart in ihren Grenzen
239 395 1293 451 als der Einheits- oder Octav-Bedeutung entsprechend
233 444 1298 500 betrachten, eine convergirende nach Innen, ein Uebergang
239 499 1265 548 in sich selbst als Terzbedeutung sich ergeben muss.
332 555 1293 603 Wir können die Vorstellung, dass Etwas in sich selbst
238 611 1301 652 übergehe, so fassen, dass wir uns eine endliche gerade
235 659 1298 706 Linie zum Kreis gebogen, Anfang und Ende mit einander
244 715 1292 770 verbunden denken: das Endliche als Unendliches,
246 766 979 812 oder das Unendliche im Endlichen.
323 820 1289 867 Die absolute Endlichkeit würde sich in der begrenzten
232 875 1284 916 Linie, die absolute Unendlichkeit in der unbegrenzt fort¬
241 923 1292 971 laufenden denken lassen. Das Erstere als die begrenzte
237 979 1291 1027 Tonart ohne Uebergang in sich selbst, das Andere als ihr
231 1036 1288 1085 Fortgang in die unbegrenzt sich fortverkettenden Tonarten,
241 1084 1291 1132 indem jede neu entstandene Dominant wieder Tonica wird.
324 1139 1296 1187 46. Als Klangwirkung spricht sich der Begriff der in
230 1196 1287 1250 sich selbst übergehenden Tonart in den Accorden aus,
245 1244 1292 1292 welche die Verbindung der Oberdominant-Quint mit dem
241 1300 1292 1347 Unterdominant-Grundtone enthalten: in den sogenannten
241 1355 1292 1396 verminderten Dreiklängen. Diese werden aber, in ihrem
232 1404 1299 1451 Zusammenklange auf doppelter Basis, auf Ober- und Un¬
238 1459 1211 1506 terdominant beruhend, immer dissonante sein müssen.
320 1515 1297 1554 Auf den Begriff der Dissonanz ist hier noch nicht näher
232 1578 1292 1619 einzugehen; nur möge beiläufig bemerkt sein, dass die im
242 1619 1290 1660 Deutschen zuweilen gebrauchten Ausdrücke „wohlklin¬
236 1675 1299 1722 gend” und „übelklingend” für „consonant” und
235 1731 1276 1779 „dissonant” ganz ungehörig zu nennen sind; diese letzte¬
236 1780 1295 1826 ren Benennungen enthalten dagegen in ihrem Wortsinne das
237 1836 1289 1875 vollkommen Bezeichnende: der Character des Consonanten
237 1883 1297 1931 ist das bestimmte Zusammenklingen in der Harmonie, des
235 1939 1301 1987 Dissonanten, das bestimmte Auseinanderklingen. Die
233 1994 1300 2035 Consonanz kann übelklingend sein an einer Stelle, die eine
235 2044 1123 2100 Dissonanz bedingt und wo diese wohlklingend ist.
321 2099 1299 2147 Zu vermindertem Dreiklange wird Terz und Quint des
