1444 2597
716 226 790 267 380
314 316 1295 362 Diese harmonisch-metrische Bestimmung wird für alle
232 372 1291 411 Septimenharmonieen sich begründet finden, welche inner¬
225 419 1288 468 halb des unverwendeten Systemes sich aus zwei wirklichen
228 475 1282 523 Dreiklängen, einem Dur- und einem Molldreiklange combi¬
231 532 1287 571 niren, d. h. bei alle denen, in welchen, wie wir früher
234 579 1289 635 gesehen haben, die Septime nicht aufsteigend zu dem
229 636 688 682 Grundtone treten konnte.
364 740 1164 788 β) Im verwendeten Tonartsysteme.
314 820 1296 860 16. In den Septimenaccorden, welche die verbundenen
226 867 1286 915 Grenzen des Systemes in sich enthalten, das wir dann als
236 924 1287 971 ein in sich verwendetes, das Innere gespalten als Grenze,
236 972 1282 1020 die verbundenen Grenzen als Mitte setzendes betrach¬
229 1028 1281 1075 ten konnten, — wie es im Systeme der C-Dur- und
228 1083 468 1130 C-Molltonart
227 1267 1281 1315 sich in dem Momente F, dem Zusammenklange des Unter¬
234 1323 1273 1364 dominantgrundtones mit der Oberdominantquint, characte¬
231 1374 1286 1419 risirt, — in diesen Septimenaccorden konnte die Septime
230 1428 1290 1474 sich aufsteigend zu dem Grundtone bewegen. Sie bestehen
232 1484 1283 1523 nicht, wie jene innerhalb des unverwendeten Systemes
228 1532 1283 1575 enthaltenen, in einer Verbindung zweier ineinanderliegen¬
228 1586 1293 1635 der Dreiklänge; sie combiniren sich aus dem Ober- und
234 1636 1278 1683 Unterdominantaccorde, mithin gerade aus entschieden ge¬
233 1692 1288 1738 trennten Dreiklängen. Auch ist ihre Entstehung nicht in
228 1745 1277 1796 der Weise, wie die der anderen, im Uebergange bedingt,
231 1803 1283 1850 so dass dieselben nothwendig nur aus der Aufeinanderfolge
229 1852 1273 1891 der beiden in der Septimenharmonie enthaltenen Dreiklänge,
228 1910 1288 1956 von denen hier einer wenigstens ein verminderter, also
233 1956 1052 1996 eben kein Dreiklang ist, hervorgehen können. —
314 2010 1284 2050 17. Es ist an dieser Stelle nicht zu wiederholen, was
224 2060 1296 2106 früher über die Natur dieser Septimenharmonieen gesagt
