1444 2597
690 226 786 279 149
197 315 1271 368 tonart, ein Intervall, D|F, entsteht, was nicht dem Ver¬
207 379 1261 428 hältnisse der Mollterz 5:6 entspricht, sondern dem Ver¬
199 428 1266 475 hältnisse 27:32, mit welchem diese Töne eben ausser
203 483 1265 531 directem Dreiklangsbezuge zu einander stehen, so ergibt
207 540 1257 578 die Verbindung der Grenzen des nach der Oberdominant¬
202 589 1256 635 seite übergreifenden Durtonartsystemes in dem Zusammen¬
207 643 1254 690 klange fis|a eben dasselbe Intervall und Verhältniss 27:32.
200 700 1261 739 In den verbundenen Grenzen des nach der Oberdominant¬
200 751 1260 802 seite übergreifenden Systemes der Molltonart aber, und
208 803 1254 852 der in Hinsicht der Dominanten ihr gleichen Moll-Durtonart,
204 861 1262 899 erhalten wir das Intervall der sogenannten verminderten
203 908 1260 955 Terz, fis|as. Ihr Schwingungsverhältniss, das wir aus
198 963 1259 1011 zweimaliger Leittonsfortschreitung leicht erfahren können,
200 1019 881 1059 ergibt sich als 225:256; denn es ist:
196 1308 1257 1364 In diesem Zusammenklange können beide Töne, fis und as,
201 1372 1261 1420 wenn wir nach ihrer melodischen Herleitung fragen, nur
206 1427 1259 1467 auf den Ton G bezogen werden, denn es kann in der
197 1469 1271 1520 Molltonart fis nicht aus dem darunter-liegenden es, as nicht
197 1539 1263 1579 aus dem darüber-liegenden h geleitet sein, da die über¬
205 1579 1172 1627 mässige Secund der Uebergangsvermittlung ermangelt.
288 1628 1257 1683 225. Eben so wenig kann in der übergreifenden Moll-
195 1691 393 1731 Durtonart:
196 1811 1266 1851 der Ton fis aus der tonischen Durterz e hervorgegangen
196 1859 1265 1907 sein. Zu diesem Schritte würde zwar in der Tonleiter,
205 1915 535 1963 durch die Quinten
