1444 2597
639 228 723 275 273
229 324 816 379 Im doppel-zweizeitigen Metrum:
245 499 1202 547 Dies ist die Accentbestimmung des vierzeitigen Me¬
148 557 1205 603 trums wie sie für die in jeder Ordnung als 1—2, d. h.
148 604 1213 650 in positiver Fortschreitung gesetzten Folge sich ergibt. Es
155 659 1205 708 ist nun zu untersuchen, in welcher Weise die Accente hier
149 715 1210 771 hervortreten werden, wenn das Positive einer Ordnung
154 763 1215 812 sich mit dem Negativen einer anderen combinirt, oder
152 820 995 866 wenn die Folge in jeder Ordnung negativ wird.
236 876 1214 911 67. Das zweizeitige Metrum lässt nur eine zwei¬
146 923 1209 971 fache Form der Betonung zu: es kann in positiver oder
148 988 873 1026 negativer Folge seiner Glieder bestehen:
236 1124 1209 1161 68. Das dreizeitige wird, wie das doppel-zwei¬
155 1172 1216 1219 zeitige, sofern es in seinen Paaren sich eben auf dieses
140 1228 1214 1275 beziehen lässt, zuerst, wie dies letztere vierfache Form
153 1275 457 1324 erhalten können:
