1444 2597
648 259 719 307 129
150 362 1228 403 ton als tiefste Stimme enthalten. In dem Accorde D—h—F-a
152 418 1222 463 ist für die Sext D—h noch kein zwischenliegendes a aus¬
156 469 1223 513 gesprochen, ebensowenig im Accorde F—h-D—a zwischen
163 515 1222 556 F und h; diese Intervalle gehören so lange, bis die hö¬
162 563 1221 613 here, spätere Stimme mit a auftritt, dem Accorde h-D-F
160 620 1211 666 ohne Septime an; und wenn dieses a, als Terz von F, hin¬
160 668 1214 716 zugekommen, so ist es eben nur für seine Stelle und nach
164 723 1216 772 der Höhe weiter bildend wirksam, aber nicht nach der
157 779 1211 817 Tiefe Intervallenlücken auszufüllen. So wird die unter¬
159 827 1218 874 brochene Lage der Töne D—h—F-a, und ebenso eine noch
162 891 1217 940 weitere Trennung und andere Versetzung der drei tieferen
161 931 1220 979 Töne dieses Accordes, denselben immer nur als h-D-F-a
166 987 1216 1035 vernehmen lassen, die Töne werden sich nach der Höhe
170 1035 1217 1083 verdichtet zur engen Lage des Accordes und zu dessen
172 1091 1207 1139 Verständniss versammeln, nicht aber wird F zur Ausfüll¬
164 1154 1223 1197 ung der Lücke zwischen dem tieferen D und h, und a
161 1202 1211 1252 zwischen F und h eine Wirkung ausüben. Dagegen würde,
167 1259 1225 1299 wenn D oder F über dem a hinzuträte, das tiefere h seine
160 1300 1223 1348 Octav zwischen a—D, h und D seine Octav zwischen
164 1364 1226 1411 a—F ausfüllend einschalten, wir vernehmen in der Lage
169 1411 1227 1459 h-D—a—F eine Wirkung, die im Intervalle a—F Theil
166 1461 1219 1516 nimmt an der, welche aus der Lage a-h-D-F hervorgeht, und
165 1517 1223 1571 wie diese das Secundintervall a-h in sich enthält, wird auch
167 1565 1223 1619 jene das unvermittelte Nebeneinanderstehen der beiden
160 1620 798 1667 Dominantterzen durchfühlen lassen.
248 1675 1225 1714 198. Wie nun die Töne a und h in der Secundlage
160 1735 1227 1779 nur durch die tonische Mitte e zu vermitteln sind, diese
170 1780 1219 1835 Vermittlung aber in einem Zusammenklange, der D|F enthält,
164 1834 1226 1883 unmöglich gemacht ist, so sind die Accordlagen D-F-a-h,
166 1883 688 1931 F-a-h-D, a-h-D-F der Tonart
159 2100 722 2155 in ihrer inneren Versetzung zu
