1444 2597
668 218 758 260 310
181 307 1244 355 schränkte. Nach der ersteren aber ist die Gesammtheit der
185 363 1241 403 Glieder immer von einem formell schon bestimmten Ganzen
186 412 1246 460 zusammengehalten: bei zu weit geführter Theilung kann
192 474 1240 516 nur die Deutlichkeit des Theiles gefährdet sein, das Ganze
186 516 1237 563 seiner Ordnung bleibt gesichert. Die vergrössernde Com¬
187 572 1243 610 bination soll aber das Ganze durch den Theil erst bestim¬
186 620 1247 667 men, und hier würde der zu lange Zeitverlauf, den die
187 676 1249 724 Progression der Glieder in Anspruch nimmt, bald über die
190 727 1237 771 Grenzen einer übersichtlichen in Anfang und Ende zusam¬
190 795 1239 826 menzufassenden Einheit hinausgehen. Im räumlich-Sicht¬
187 835 1243 891 baren kann ein Ganzes, das als Einheit vor Augen steht,
184 876 1240 931 in allen Momenten gleichzeitig übersehen werden; im
184 940 1247 986 zeitlich-Hörbaren ist immer nur ein Moment des Fortganges
183 1003 1251 1051 gegenwärtig, das seinen Eindruck zwar hinterlässt, von
189 1053 1249 1099 einem folgenden und anderen nachfolgenden Momenten
191 1103 1251 1147 aber in die Vergangenheit zurückgedrängt und verdunkelt
185 1156 1246 1195 wird, so dass seine Bestimmtheit immer mehr abnehmen
181 1203 945 1250 muss, jemehr Anderes ihm nachgefolgt ist.
266 1252 1244 1295 Wenn eine musikalische Periode sich auch zu einer
188 1307 1244 1355 Weite von 32 Tacten, langsamerer Bewegung, verständlich
180 1372 1241 1415 ausdehnen könnte, so wird diese doch keinesweges eine
180 1424 1241 1460 zweite ihr gleiche als nothwendigen Nachsatz erfordern.
189 1464 1240 1515 Schon einem Vordersatze von 16 oder 8 Tacten wird
181 1523 1162 1564 nicht allezeit ein Nachsatz gleicher Zahl folgen müssen.
272 1571 1242 1626 Es wird nicht zwei-, drei- und viertheilige Tactart
186 1628 1237 1675 sich zu rhythmisch gefälligem Fortgange verbinden lassen,
185 1688 1226 1731 wohl würde aber in weiteren metrischen Formen, zwei¬,
180 1730 1240 1787 drei- und vierfache Combination, durch den Inhalt erklärt
189 1786 1244 1834 und bedingt, zu ästhetisch ganz befriedigender Bildung
184 1836 1236 1890 zusammentreten können, und es darf nicht als ein Mangel
187 1892 1230 1940 des Sinnes für reguläre Bildung, als Unfähigkeit, ein grösse¬
176 1948 1236 1995 res Ganze zu übersehen oder zusammenfassen zu können,
175 1996 1242 2042 betrachtet werden, wenn wir eine direct nicht regulär zu
180 2051 1248 2091 nennende metrische Formation ästhetischer Forderung doch
