1444 2597
692 226 763 268 200
191 323 1258 370 verbindung nach, in His- oder Desdes-Dur schliesst,
193 379 1258 427 wenn auch die Notenschrift nicht eine von diesen, sondern
194 421 1256 474 die Ausgangstonart besagt. Wie geschickt die Führung des
195 476 1260 523 Ganzen dann auch übrigens sein möchte, in Bezug auf die
195 531 1079 578 Tonart wird es immer eine Unwahrheit enthalten.
278 587 1252 627 293. — Dass die Musik in der Production zeitlich an
188 636 1249 683 dem Hörer vorübergeht, dass wir im Fortgange immer nur
197 692 1247 748 das unmittelbar aneinanderhängende sinnlich vor uns haben,
192 740 1249 788 lässt manches Mangelhafte in Form und Führung eines
196 796 1247 851 Tonstückes übersehen, was in einer zusammenfassenden,
198 852 1236 892 wenn wir so sagen dürfen, in einer architectonischen Vor¬
193 907 1247 948 stellung des Ganzen für den inneren Sinn sich nicht würde
194 956 1255 1002 verbergen können. Wie das Schiefe, das Unsymmetrische
192 1012 1256 1051 und Verhältnisswidrige in sichtbaren Gegenständen, die auf
193 1059 1243 1110 Regelmässigkeit Anspruch machen, dem gesunden Auge
190 1115 1251 1162 sogleich störend entgegentritt, so würde auch, gleich den
192 1172 1256 1212 Fehlern in der unmittelbaren Accordfolge, das Ungehörige
196 1219 1257 1268 in der modulatorischen Disposition, wie in metrischen
193 1276 1252 1323 Satzverhältnissen, leicht wahrgenommen werden, wenn der
188 1323 1244 1380 Ueberblick eines grösseren Zeitganzen in seiner Gliederung
192 1379 1238 1436 nicht an sich schon eine schwerere Aufgabe wäre als die,
196 1435 1246 1475 ein räumlich Gegliedertes in seinen Verhältnissen zu über¬
194 1483 1239 1532 schauen. Es ist aber in der Musik eine solche Architecto¬
188 1540 1245 1588 nik, die hauptsächlich in der regelmässig metrischen und
190 1603 1251 1643 modulatorischen Beschaffenheit des Tonstückes besteht, ein
191 1644 1234 1692 so wesentliches Erforderniss, dass eine musikalische Com¬
190 1700 1247 1755 position uns als Kunst überhaupt ohne sie gar nicht an¬
188 1756 1247 1795 sprechen kann. Für die erste Wirkung scheinen diese
188 1803 1241 1859 Bedingungen weniger von bestimmendem Einflusse zu sein,
193 1860 1243 1916 indem wir auch gestaltlose, phrasenhafte Productionen,
193 1913 1251 1970 ohne verständigen Periodenbau, ohne organische Einheit
186 1963 1244 2012 des Mannigfaltigen, nicht selten einen glänzenden Success
191 2020 1246 2060 erringen sehen. In einer dauernden Gunst haben aber im¬
188 2068 1259 2115 mer nur solche Werke sich erhalten können, die, abgesehen
