1444 2597
660 219 752 275 390
165 507 1232 562 sie lässt sich somit erst mit zwei Stimmen zur Darstellung
167 555 1226 619 bringen, von denen eine die normale, die andere die syn¬
169 612 1220 661 kopirte Betonung enthält. Die Bedingung der Zweistimmig¬
176 668 1227 716 keit wird aber eben da nur gültig sein, wo die Synkope
178 723 1220 764 ungetrennt, ohne Unterschied eines zweiten Momentes auf¬
175 779 1224 827 tritt, ausserdem würde ein Satz die synkopische Betonung
173 827 1227 867 erhalten und in der Gliederung die normal-metrische Be¬
172 890 1231 931 schaffenheit immer durchfühlen lassen können, wie wir es
173 932 1212 979 bei den auf zweitem metrischen Momente betonten Rhyth¬
175 987 1018 1026 men früher mehrfach sich haben ergeben sehen.
254 1036 1220 1082 30. Dass bei solchen Synkopen, Ligaturen, Bindungen
168 1092 1219 1130 aus einem zweiten Zeitmomente in ein erstes, dieses letz¬
170 1147 1229 1188 tere keine längere Dauer wird haben können, als das
178 1203 1224 1243 erstere, geht natürlich daraus hervor, dass beide Momente
174 1244 1225 1299 hier in dem Verhältnisse eines ersten und zweiten Gliedes,
171 1306 1220 1354 eben wie in der zweizeitig-metrischen Einheit an sich, zu
164 1355 1227 1412 einander stehen. Von einem metrischen Anfange ausgehend
169 1404 1217 1451 wird keiner Verlängerung der Dauer des als erstem gesetz¬
171 1460 1225 1507 ten Gliedes Etwas entgegen sein; denn die Dauer ist vom
169 1509 1220 1555 Anfange noch eine sich selbst bestimmende, keine be¬
169 1564 1225 1611 stimmte, wie es die eines zweiten Momentes ist: wo aber
165 1619 1227 1663 dieses in seiner Dauer schon bestimmte als positiv-Erstes
165 1668 1224 1723 gesetzt wird, da kann dessen relativ-Zweites nur ein Glei¬
166 1724 1225 1771 ches sein; es kann zwar kürzere Dauer haben, indem die
161 1780 1225 1818 reale Erfüllung des Maasses keine vollständige zu sein
162 1827 1221 1875 braucht, aber nicht längere, da der Inhalt nicht über das
162 1883 615 1939 Maass hinausgehen kann.
252 1939 1219 1978 31. Somit ist eine Bindung aus kürzerem nach länge¬
166 1988 431 2035 rem Zeittheile:
