1444 2597
651 240 735 284 143
159 331 1228 386 Folgen noch weniger willfährig fortschreitet, als die erste,
170 396 1231 443 werden wir bei Betrachtung der Modulation zu besprechen
166 436 508 499 Gelegenheit finden.
168 548 1236 610 Wesentliche Verschiedenheit der Septimenharmonie
161 612 1230 660 des unverwendeten und des verwendeten Systemes
409 667 993 732 in Bezug auf die Accordlage.
256 763 1229 804 214. In der absteigenden Reihe verbundener Septi¬
169 811 456 859 menharmonieen
174 1179 1235 1228 sehen wir die vier verschiedenen Lagen oder Versetzungen
167 1235 1229 1275 des Accordes Folgebedingt und darum auch in ihrer Wirk¬
169 1284 953 1331 ung gerechtfertigt auseinander hervorgehen.
268 1339 1223 1396 Während aber die erste aus Terz, Quint und Septime,
170 1394 1226 1435 die zweite aus Terz, Quint und Sext, und die vierte aus
167 1443 1219 1490 Secund, Quart und Sext bestehende Lage des Septimen¬
166 1500 1223 1537 accordes bei gehöriger Vorbereitung des dissonirenden In¬
173 1547 1225 1595 tervalles auch ausser dieser strengen Folge sich in allen
176 1603 1231 1652 Fällen anwendbar erweisen, so gestattet die dritte, die
166 1652 1216 1698 Terz-quart-sextlage, auch mit der vorbereiteten Dis¬
164 1707 1222 1755 sonanz, nicht so unbedingte Anwendbarkeit: sie lässt bei
175 1756 1229 1810 den Septimenaccorden des unverwendeten Systemes etwas
168 1811 1229 1859 Verkehrtes, Grundloses, einen Mangel an Basis empfinden.
254 1869 1219 1915 Es ist in dieser Versetzung die Quint des Septimen¬
170 1915 1227 1963 accordes, d. i. die Quint des unteren der beiden in diesem
172 1971 1226 2020 Accorde verbundenen Dreiklänge, tiefste oder Bassstimme
173 2034 1232 2082 geworden; wir erhalten also darin die Quart-sextlage
178 2075 1239 2123 dieses unteren Dreiklanges: eine Lage, die eben auch als
