1444 2597
687 218 742 259 65
171 317 1230 363 tonart sowohl wie in der Molltonart auf eine Folgevermit¬
178 364 1231 412 telnde Weise geschieht; so sind die Accordmomente hier
173 412 1236 461 zwar als das Bestimmende gesetzt, die Aufeinanderfolge
179 468 1222 514 derselben ist aber durch die auf- oder absteigend voraus¬
172 524 1226 574 gesetzte Richtung des sich bewegenden Klanges gegeben.
180 573 1236 619 Andere Bedingungen für die melodische Bewegung werden
184 620 1238 675 eintreten in der Accordfolge, die in einem gleichzeitigen
178 675 1233 723 Fortschreiten mehrerer Stimmen besteht. Wir erhalten dann
179 738 1235 788 einen Zusammenklang von Folgen als Folge von
172 787 1236 843 Zusammenklängen und damit wieder Entgegenge¬
181 842 1234 884 setztes in Eins gesetzt, den Begriff alles Wirklichen
179 891 1241 939 in seiner Wesenheit: hier, den höheren Terzbegriff der
180 949 1226 987 wirklichen Harmonie, dessen Quintbegriff das Entgegenge¬
181 1004 1238 1043 setzte getrennt betrachten musste; wie wir auch zuerst die
175 1051 1242 1099 Accorde an sich, und die melodische Fortschreitung an
173 1100 1039 1146 sich, als Tonleiter, bestimmt erhalten haben.
266 1155 1243 1203 87. Die Aufeinanderfolge zweier Dreiklänge ist wieder
180 1214 1224 1267 nur insofern verständlich, als beide auf ein gemeinschaftli¬
174 1266 1238 1307 ches, im Uebergange seine Bedeutung veränderndes Moment
173 1318 624 1371 bezogen werden können.
261 1370 1237 1411 88. Zwei Dreiklänge können unterschieden sein: a) in
178 1427 1230 1467 einem Tone; b) in zwei Tönen; c) in allen drei Tönen.
180 1475 1235 1518 Von der Mitte des Dursystemes, vom tonischen Dreiklange
184 1531 1235 1571 ausgehend, werden in einem Tone verschieden vom ersten
179 1585 1232 1628 sein: die beiden Mollaccorde der Tonart; in zwei Tönen:
176 1635 1234 1675 die beiden Dominantaccorde; in drei Tönen: die beiden
180 1684 982 1730 verminderten oder Grenzverbindungsaccorde.
261 1739 1235 1786 Beim Uebergange aus dem tonischen in einen der Moll¬
184 1788 1233 1834 dreiklänge wird von den drei Stimmen, welche den Accord
173 1843 1219 1887 bilden, sich nur eine melodisch zu bewegen haben, wäh¬
176 1898 1236 1947 rend die anderen beiden bleibend die harmonische Bedeutung
172 1948 593 1996 ihres Tones verändern.
263 2004 1236 2051 Der Uebergang aus dem tonischen in einen der Domi¬
177 2058 1237 2107 nantdreiklänge wird zwei Stimmen sich melodisch bewegen
