1444 2597
707 212 782 258 220
218 307 1274 353 derselben fallen wollen, nach der Accordverbindung aus
208 356 1276 404 dem Dominantaccorde mit oder ohne Septime, wie sie
205 419 1271 459 den Folgegesetzen überhaupt angemessen ist. Vornehmlich
209 460 1262 515 wird der Eintritt eines neuen Dominantseptimenaccordes,
213 516 1273 570 wenn er im vorigen vorbereitet sein kann, zu Bestimmung
212 572 1273 618 der neuen Tonart geeignet sein, indem der neue Leitton
212 624 1264 667 dann entschieden in seiner Eigenschaft als Oberdominant¬
212 676 487 723 terz hervortritt.
