1444 2597
703 235 793 282 389
204 331 1267 375 Durch die Paaresglieder der negativen Reihe werden die
213 389 1275 428 metrisch getrennten Paare der positiven verbunden und es
222 435 1279 483 ist hier darauf zurückzudeuten, was an seinem Orte über
216 483 1265 538 den Begriff des Schlusses und über den Unterschied me¬
214 539 1149 587 trischer und rhythmischer Einheit gesagt worden ist.
305 595 1270 644 28. Die hier zu betrachtende Gliederverkettung ist aber
212 652 1278 691 anderer Art: in ihr wird auch das zweite Glied eines Paares
222 708 1274 755 mit dem ersten des folgenden verbunden, nicht aber in
224 755 1277 803 der Bedeutung der Glieder, wie sie in der positiven Reihe
215 804 1277 851 ihnen schon angehört, d. h. als ein negatives Paar, sondern
221 860 684 907 eben wieder als positives.
301 1044 1278 1090 Musikalisch ist uns dieser Vorgang unter dem Namen
216 1099 1288 1146 der Synkope bekannt, die ein metrisch zweites Glied mit
226 1155 1283 1201 dem folgenden ersten zu positiver ungetrennter Einheit
217 1203 1295 1250 zusammenfasst, und dem nicht-accentuirten Gliede Accent
216 1259 382 1308 verleiht:
308 1557 1281 1611 29. Wenn aber eine Reihe synkopisch erscheinen soll,
225 1604 1282 1652 so wird mit ihr zugleich die nichtsynkopische vorhanden
223 1660 1289 1706 sein müssen, denn ohne die Normalreihe, von welcher die
223 1723 1280 1771 synkopirte den metrischen Widerspruch bildet, würde die
221 1778 1295 1819 synkopirte selbst sich als normale accentuirt darstellen, die
227 1826 1044 1867 obige würde als eine Auftactreihe erscheinen:
312 1972 1291 2018 Die synkopische Bewegung kann sich nur als eine
218 2033 1292 2067 solche ergeben, wenn mit ihr zugleich auch die accentuirten
216 2076 1043 2123 Momente der Normalreihe bezeichnet werden:
