1444 2597
676 203 751 244 312
189 297 1245 347 und wir uns mit demselben erst in der tonischen, dann in
186 348 1242 395 einer Dominanttonart befinden. Eine solche metrische Um¬
187 395 1236 442 deutung wird aber, nachdem sie entschieden oder zwei¬
194 452 1242 499 deutig, klar oder unklar ihren Sinn ausdrückt, eben auch
187 506 1240 547 so in der Wirkung sich leichtverständlich und correct
185 556 1244 603 erweisen oder auch als eine Incorrectheit, eine rhythmische
187 612 792 667 Verstümmlung erscheinen können.
276 660 1240 704 Wollte man es unternehmen, durch ein ganzes grösse¬
181 715 1238 764 res Musikstück das metrisch formale Gewebe desselben,
186 764 1236 810 ohne alle Bezugnahme auf den Inhalt darzustellen, so
189 824 1235 867 würde sich auch bei den regulärsten der classischen Mei¬
182 875 1246 914 ster immer Vieles ergeben, was aus sich selbst metrisch
185 924 1238 970 nicht klar hervorgeht, was aber in seinem concreten Dasein
180 979 1240 1020 mit dem Inhalte leichtfasslich, unzweideutig, überhaupt so
186 1041 1241 1075 erscheint, dass ein rhythmisch gebildeter Sinn etwas Ord¬
187 1084 1242 1131 nungswidriges nicht dabei empfinden kann, dass man
186 1131 1238 1179 überhaupt, wie bei allem Gesunden, Natürlichen, an theo¬
181 1188 1232 1235 retische Bedingungen dabei gar nicht erinnert werden wird.
273 1242 1240 1291 In manchen Productionen neuerer und neuester Musik
186 1292 1242 1338 ist aber bei den Abweichungen von der direct verständ¬
185 1347 1241 1393 lichen metrischen Regularität nicht immer ein kunstreicher
192 1397 1235 1444 verschlungenes Gewebe zu suchen; öfter ist es auch nur
180 1457 1244 1500 ein Gewirr, in welchem der Componist selbst nicht zu
180 1507 1236 1547 metrisch klarer Empfindung gekommen ist und diese Un¬
180 1556 1236 1603 klarheit nun auch uns empfinden lassen muss. Es ist dies
186 1611 1239 1660 der Mangel im Künstler, — wenn man den Componisten
183 1661 1243 1707 in diesem Mangel noch so nennen darf, — ein Ganzes als
185 1715 1236 1772 Ganzes in seinen Gliedern fassen zu können, oder fassen
182 1777 1229 1827 zu wollen. Im Grunde genommen also ein Mangel eigent¬
178 1819 1235 1867 lichen Kunstsinnes, der nicht ein Stück in Stücken, der
179 1875 1033 1921 einen Leib in seinen gesunden Gliedern fordert.
269 1931 1237 1986 Die Musik kann in ihrem rhythmisch bewegten Fort¬
181 1980 1241 2036 gange des metrisch geregelten Haltes gar nicht entbehren.
169 2035 1238 2076 Die rhythmische Phrase findet eben erst im Metrum ihre
