1444 2597
678 203 757 251 327
184 304 1247 354 auch hier eine Länge und eine Kürze. Die Kürze kann hier
194 355 1245 403 eben wieder an einer ihr vorangesetzten Hälfte als Länge
185 420 1252 451 erscheinen; so dass auch in grösserem Maasse eine solche
185 460 1252 514 ungleichzeitige, der zeitlich-zeitlichen ähnliche Bestimmung
180 508 937 555 im wirklich dreizeitigen Metrum entstehet.
269 979 1248 1024 Man wird aber den Unterschied zwischen dieser me¬
195 1035 1251 1083 trischen Figur und der eben besprochenen rhythmischen
191 1084 1255 1130 nicht verkennen. Wo ein streng metrisches Verhalten
189 1145 1251 1188 der Theile, namentlich der langen Länge und der kurzen
195 1188 1255 1234 Kürze zu einander wahrnehmbar bleibt; da ist die scharf
196 1244 1254 1291 accentuirte elastische Natur der rhythmischen Formation
198 1299 1251 1347 schon nicht vorhanden; denn diese beiden Momente dürfen
198 1357 1250 1404 gar nicht zu einander in eine directe Beziehung treten
193 1403 1254 1451 können, das Zweite ist hier allein nur ein Relatives zu dem
190 1459 341 1501 Dritten.
280 1511 1251 1555 131. Ein Relatives ist eben immer nur auf sein
195 1564 1258 1607 Positives zu beziehen. Zu einem anderen Positiven steht es
196 1611 1255 1659 in keinem verständlichen Verhältnisse, und hindert auch
192 1668 1256 1715 das Verhältniss dieses anderen Positiven zu seinem Relati¬
194 1725 1261 1771 ven nicht, sich rein darzustellen. In der rhythmischen Figur
191 1875 828 1922 bestehen die beiden Bestimmungen
195 2036 966 2082 ungestört nebeneinander und zugleich, als
