1444 2597
666 243 761 284 141
172 332 1234 379 schon einer Auflösungsart begegnet, bei der die chroma¬
177 387 1237 427 tische Fortschreitung der einen oder anderen Stimme Theil
180 436 1236 483 hatte. Es ist jene, wo das kleine Septimenintervall durch
176 491 1239 540 diatonische Bewegung der einen und chromatische der
178 548 1238 603 anderen Stimme in die Octav übergeht (140). Es wird
173 603 1238 643 aber eine chromatische Veränderung, die während der
176 651 1231 694 auflösenden Fortschreitung des einen Intervalltones an dem
182 700 1237 754 anderen, diatonisch nicht bewegten, vor sich geht, auch
174 763 1237 804 anderen Auflösungsarten nicht entgegen sein können. Wie
179 804 1235 851 die Dissonanz C-D sich nach C-e löset, so wird sie eben
181 860 1225 915 auch in cis-E ihre Lösung finden können; denn wie C-e,
177 915 1233 955 so ist auch das Intervall cis-E ein consonantes, d. h. im
179 964 1228 1012 Dreiklange bestehendes. Daher sich auch die Fortschreit¬
173 1027 1222 1075 ung: fis-A-C-D...G|A-cis-E als eine richtige und wohl¬
176 1075 1223 1123 lautende hören lässt. Ebenso wird die Dissonanz C-D,
176 1124 1233 1171 anstatt nach h-D oder b-D, durch chromatische Fort¬
174 1185 1227 1219 schreitung des oberen Tones auch in das Intervall H-dis
172 1240 1228 1276 oder B-des müssen übergehen können; worin dann Fol¬
172 1284 1231 1339 gen, wie z. B. fis-A-C-D, Fis-A-H-dis und F-as-C|D...
178 1339 1227 1380 F-as-B|Des, oder F-as-B-des Zulässigkeit und Grund finden.
177 1387 1231 1435 Es wird nicht schwer sein, aus diesem Processe die nach¬
178 1444 761 1492 bezeichneten Folgen zu erklären:
165 1764 1232 1809 In der ersten vertieft sich chromatisch der Grundton zu
168 1817 1228 1860 der abwärtsgehenden Septime, in der zweiten erhöht sich
174 1874 1221 1915 chromatisch die Septime zu dem aufsteigenden Grundtone.
175 1924 1218 1971 Es sind beide Folgen wesentlich keine anderen als jene,
165 1971 1220 2016 die wir früher bei den Fortschreitungen der Septimenhar¬
175 2036 1228 2082 monieen in das dritte Glied der ab- und aufsteigenden
169 2083 809 2139 Reihe erhalten haben, die erste als:
