1444 2597
679 219 736 260 VII
168 332 1226 377 schenswerth sein kann, immer leicht anzuknüpfen.
178 411 1235 459 Hier würden solche Ausführungen die beabsichtigte
179 484 930 531 Fassung zu sehr beeinträchtigt haben.
246 556 1232 611 Es ist vor Kurzem eine kleine Schrift unter dem
177 635 1236 683 Titel: „Der accordliche Gegensatz und die
180 707 1239 755 Begründung der Scala”, bei Luckhardt in
172 788 1230 834 Cassel erschienen. Der Verfasser derselben, Herr
177 859 1233 908 Otto Kraushaar, bekennt in einer Zuschrift, mit
174 940 1237 986 welcher er das Werkchen mir übersendet, dass die
178 1012 1235 1059 darin dargelegte Theorie aus Grundbestimmungen
177 1085 1247 1138 entwickelt sei, die er von mir zuerst ausgesprochen
173 1164 1235 1219 gehört habe. Möchte er diess in der Schrift selbst
173 1235 1236 1291 mit einigen Worten erwähnt haben. Jetzt kann es
180 1322 1238 1364 sonderbar scheinen, dass zwei Autoren in etwas
175 1388 1237 1435 Neuausgesprochenem sich so auffallend mit gleichen
180 1467 1238 1513 Gedanken begegnen, wie es in einigen Puncten
181 1541 1236 1588 von Kraushaar’s Schrift und der gegenwärtigen zu
175 1619 1224 1667 finden ist: namentlich in der Erklärung des Moll¬
173 1675 1239 1779 dreiklanges, in der Nachweisung eines positiven
175 1764 1230 1818 und negativen Verhaltens von akustischen Bestim¬
181 1844 1225 1891 mungen überhaupt; und ebenso in manchen Aeus¬
175 1916 1235 1964 serlichkeiten, wie die Bezeichnung der Accorde und
179 1987 1238 2044 des Systemes der Tonart. Zu einer Kritik des
