1444 2597
669 235 755 275 241
174 323 1239 370 und Drei zerfallenden Fünffachen der metrischen Forma¬
171 380 534 436 tion gesehen haben.
626 475 788 523 Accent.
260 556 1243 602 31. Ein erstes Zeitmoment, wie es metrisch allezeit nur
189 611 1238 659 das erste eines zweiten, ihm gleichen sein kann, ist für sein
186 668 1232 708 zweites das Bestimmende, dieses zweite ist das Be¬
183 715 1233 763 stimmte. Es hat ein Erstes gegen sein Zweites die Ener¬
176 772 1144 827 gie des Anfanges und damit den metrischen Accent.
573 867 843 908 Gliedaccent.
471 924 949 974 a) Im zweizeitigen Metrum.
271 1003 1242 1051 32. Im zweizeitigen Metrum ist das erste Glied das
181 1060 849 1100 accentuirte, das zweite ist accentlos:
469 1277 942 1331 b) Im dreizeitigen Metrum.
266 1348 1249 1396 33. Im dreizeitigen Metrum wird, wie wir bis jetzt
186 1410 1246 1451 seine Bedeutung noch betrachten, das erste und zweite
188 1459 933 1507 Glied accentuirt, das letzte accentlos sein.
483 1754 952 1798 c) Im vierzeitigen Metrum.
273 1812 1239 1859 34. Das vierzeitige Metrum wird die Verbindung des
186 1859 1240 1916 zweiten und dritten Gliedes, die im dritten Zeittheile
180 1917 1249 1961 bestand, indem dieser das zweite zu einem ersten be¬
185 1972 1236 2024 stimmte, immer nicht verläugnen dürfen und können,
187 2027 1240 2070 wiewohl diese Bestimmung mit dem Eintritte des vierten
188 2077 1254 2127 Gliedes wieder aufgegeben worden ist. Das zweite Glied
