1444 2597
718 229 810 276 160
234 323 1292 372 time von h dahin auf, eben wie in der fortgesetzten Folge
236 380 1290 434 G-a-C-G...G-a-C-F das obere G nicht als Octav von G,
236 428 1289 474 sondern wieder als Septime von a nach F sich bewegen
235 483 1290 530 wird. Wenn man in dieser letzteren Folge unbezweifelt
231 538 1288 579 eine sogenannte Orgelpunctsharmonie, eine Accord¬
232 588 1291 638 verbindung, der ein von ihr unabhängiger Ton untergelegt
234 643 1292 683 ist, erkennen muss, so ist die erstere auch durchaus nicht
231 692 1279 739 in einem anderen Sinne zu nehmen: nicht als eine Com¬
231 748 1283 803 bination von zwei in der Quint verwandten Dreiklängen,
239 803 1294 843 die als nicht unmittelbare Folge auch nicht als Accord
240 860 1294 900 würden zusammentreten können, sondern als ein über
238 907 1286 959 einem Grundtone liegender selbständiger Dissonanzaccord,
234 963 1294 1003 dessen Auflösung in sich bestimmt und nicht auf die äus¬
234 1011 699 1059 sere Basis zu beziehen ist.
326 1068 1277 1114 So sind aber auch die anderen über die Septimenhar¬
229 1116 1290 1164 monie hinausgehenden Accorde, die man aus einem Ueber¬
233 1182 1281 1226 einanderbaue von Terzen construiren zu müssen glaubt,
236 1227 1285 1277 der Undecimen- und der Terzdecimen-Accord,
235 1291 1287 1332 nicht als harmonische Bildung in diesem Sinne begründet.
230 1331 1289 1380 Der Undecimenaccord schliesst schon die Terz aus; der
229 1387 1295 1432 Terzdecimenaccord auch die Quint. Es hat mit dieser Ter¬
228 1450 1290 1483 zenreihe ähnliche Bewandtniss, wie mit der arithmetischen
234 1492 1284 1539 Tonprogression, wenn man in ihr unsere Harmonie nach¬
230 1548 1293 1595 weisen will. Wie uns hier der harmonische Begriff leitet,
234 1595 1299 1643 aus der unendlichen Reihe Das herauszufinden, was ihm
231 1658 1298 1700 entspricht, Anderes auszuscheiden, so müssen wir auch an
228 1708 1299 1755 jenem Terzenaufbaue das harmonisch-Begriffsgemässe erst
231 1755 1294 1803 aufzusuchen wissen. — Diese mechanische Terzconstruction
224 1811 1299 1853 führt nicht in das Unendliche fort, wie die Tonprogression
225 1860 1300 1907 der arithmetischen Zahlenreihe; sie trifft im achten Gliede
232 1915 1291 1962 mit dem Ausgangstone, in der zweiten Octav des Grund¬
221 1974 702 2027 tones, wieder zusammen:
