1444 2597
717 211 753 251 2
289 300 1261 347 Dies nöthigt zu Modification der betreffenden Tonstu¬
203 357 1272 401 fen, zu Erhöhung und Vertiefung derselben und man nimmt
206 418 1264 451 dabei wohl Veranlassung, vom Unterschiede eines natürli¬
213 460 1272 507 chen und eines künstlichen Tonsystems zu sprechen, wie
205 515 1261 554 von dem Unterschiede eines rohen und eines civilisirten Zu¬
211 564 358 610 standes. —
290 619 1265 667 Manche Autoren haben die obige Reihe auch weiter
205 668 1263 713 fortsetzen zu müssen geglaubt und legen den neueintreten¬
209 723 1268 770 den aus der Reihe 1—16 noch nicht benannten Zahlen die
205 779 1266 820 den diatonischen Tönen zwischenliegenden chromatischen
209 828 1265 875 unter, indem sie dann in jener der Zahl 11 den Ton fis an¬
212 890 1264 932 statt des Tones f zugetheilt haben, um den letzteren für
209 931 1277 979 die Zahl 21, fis für die Zahl 22 in Anspruch nehmen zu
208 988 359 1035 können:
208 1148 1262 1195 Mit Ausnahme der Bestimmung für den Ton gis, die in die¬
209 1207 1276 1244 ser Reihe durch die Zahl 25 geschieht, entspricht hier nicht
215 1251 1267 1299 eine dem wahren Verhältnisse dieser chromatischen Ton¬
208 1308 343 1346 stufen.
301 1355 1269 1403 Ueber die Theorie, welche in dem Mitklingen der soge¬
210 1412 1268 1451 nannten Aliquottöne den Grund aller Harmonie nachweisen
214 1460 1258 1508 will, ist nur zu bemerken, dass wenn zu einem angeschla¬
210 1523 1266 1571 genen Grundtone die Duodecime und die Decime der Octav
209 1572 1262 1611 sich am vernehmlichsten als mitklingende Töne hören las¬
214 1619 1266 1668 sen, die übrigen Töne der Reihe, und zwar der in das Un¬
217 1681 1273 1731 endliche fortgesetzten Reihe, nicht weniger Aliquottöne zu
212 1738 1268 1779 nennen sind und zu den mitklingenden begriffen werden
210 1780 1271 1827 müssen, wie auch die mit den Zahlen 7 und 9 bestimmten
205 1827 1271 1874 Tonstufen nicht selten noch ganz deutlich als mitklingende
205 1883 577 1931 vernommen werden.
296 1939 1262 1987 Zudem ergibt sich hier, wenn auch allein das Mitklin¬
202 1994 1268 2039 gen der Töne der ersten vier Zahlen, als das vernehmlichste
206 2043 1268 2091 in Anschlag gebracht wird, nur die Harmonie des Durdrei¬
