1444 2597
706 200 782 251 172
218 300 1270 356 geben kann; das Quintintervall, als ein invariables, wird
225 347 1267 396 immer in vollkommener Reinheit intonirt sein wollen. Eben¬
219 404 1275 459 so ist es aber auch nur immer ein Uebergangsbestreben,
223 459 1268 506 was diese Alteration der Terz bewirken kann; in der ru¬
222 515 1277 555 henden Selbständigkeit des Accordes wird auch dieses In¬
222 563 1275 611 tervall nach seiner akustischen Bestimmung intonirt werden.
307 619 1272 664 254. Die Erörterung der chromatischen Fortschreit¬
217 667 1277 717 ungen hat uns etwas länger aufgehalten, als es die Ver¬
223 730 1280 772 anlassung, den Gegenstand zu berühren, eben hier zu
223 781 1269 827 erfordern schien. Es bot sich aber damit die Gelegenheit,
223 827 1276 875 den Unterschied der chromatischen Verhältnisse 24:25
224 891 1276 931 und 128:135, die directe Bedeutung des ersteren und die
217 933 1276 978 indirecte des letzteren zur Sprache zu bringen, ein Unter¬
220 996 1278 1034 schied, der theoretisch sowohl wie praktisch zu beachten
224 1044 1285 1084 ist und nicht immer beachtet wird. Der Sänger, welcher
217 1100 1278 1140 nicht nach weissen und schwarzen Tasten, sondern nur
220 1147 1282 1203 nach harmonischen Intervallbestimmungen intonirt, wird
223 1203 1285 1251 auch das scheinbar Nächste, die chromatische Stufe, nicht
220 1252 1286 1299 mit Sicherheit zu fassen vermögen, wenn ihm das Gefühl
218 1307 1275 1348 der harmonischen Bedeutung des Tones fehlt. In der dia¬
227 1363 1287 1403 tonischen Fortschreitung ist die Vermittlung der Töne so
226 1412 1275 1459 einfach und, bis auf den Schritt der sechsten zu der sie¬
225 1468 1279 1508 benten Stufe, so unzweideutig, dass der Fortgang keine
229 1515 1285 1563 Schwierigkeit bietet; in der chromatischen aber, wo die
225 1572 1281 1620 Bestimmungen complicirt sind und oft wechseln, wo der
224 1626 1288 1668 Sänger an manchen Stellen in Zweifel sein kann, ob er
226 1685 1279 1723 eine Fortschreitung in der Bedeutung des Verhältnisses
230 1732 1287 1778 15:16, oder 24:25, oder 128:135 zu nehmen hat, da ist
221 1787 1285 1828 die Intonation weniger gesichert und wird den Schwankungen
226 1842 1288 1892 ausgesetzt sein, die eine chromatische Gesangmusik in der
217 1893 1290 1940 Ausführung so oft zu erfahren hat. Die Schuld ist aber nicht
222 1941 1292 1987 immer dem Sänger beizumessen, weit öfter trifft sie den
223 1996 1279 2043 Componisten, der „nichts Unverständiges, nichts unver¬
220 2051 947 2098 ständig” von dem Sänger verlangen soll.
