1444 2597
659 252 744 299 131
168 354 1237 403 solche versetzte Lage dieses Accordes von unzweideutiger
165 395 631 443 und bester Wirkung sein.
450 483 953 532 b) In der Moll-Tonart.
259 554 1231 602 199. In der Molltonart steht an der Stelle des Sep¬
171 611 1238 652 timenaccordes h-D|F-a der sogenannte verminderte
173 659 1226 707 Septimenaccord, h-D|F-as. Er ist seiner organischen
164 716 1220 757 Beschaffenheit nach in Bezug auf das Mollsystem ganz das¬
170 764 1214 811 selbe, was jener in Bezug auf das Dursystem. Der vermin¬
175 821 1223 875 derte Septimenaccord ist aber einer zweifelhaften Deutung
171 875 1216 915 seiner Töne nicht ausgesetzt. Wie im Dominantseptimen¬
170 930 1233 971 accorde, so ist auch im verminderten Septimenaccorde die
173 980 1226 1035 eigenthümliche Natur bestimmt ausgesprochen. Von soge¬
168 1028 1236 1076 nannter enharmonischer Mehrdeutigkeit kann natürlich die
173 1083 1233 1131 Rede hier nicht sein. In diesem Accorde wird aber auch
174 1132 1233 1179 bei versetzter Lage, D-F-as-h, F-as-h-D, as-h-D-F, das
168 1187 1232 1243 Intervall der Secund as-h, nicht zu einer Missdeutung
175 1243 1220 1291 Anlass geben können, indem ein melodisches Verhält¬
175 1306 1227 1339 niss zwischen diesen Tönen, wie wir es schon bei der
170 1347 1232 1395 Entstehung der Molltonleiter gesehen, auf keine Weise
169 1395 1222 1459 herzustellen ist, und das Verlangen nach einer Uebergangs¬
173 1459 1232 1499 vermittlung auch eben gar nicht angeregt wird. Der Ton as
174 1506 1233 1555 kann melodisch nur aus dem G, der Ton h nur aus dem C
169 1557 1227 1611 hergeleitet werden; eine Vermittlung für den Uebergang
180 1611 1229 1659 des einen in den anderen ist im Mollsysteme, das eben von
177 1667 1225 1715 dem Begriffe der Trennung ausgeht und in seinem ganzen
177 1716 1222 1763 Wesen darauf beruht, nicht enthalten. Das Molltonart¬
169 1772 1230 1820 system, indem es die Negation der Einheit zu seinem Prin¬
175 1834 1220 1875 cipe hat, bietet für die Dissonanz eben in dieser Eigen¬
170 1883 1235 1931 schaft auch das Entschiedenste im Zusammenklange seiner
172 1931 1232 1987 beiden Dominantterzen: den verminderten Septimenaccord.
258 1980 1240 2026 200. Wenn wir die Septimenharmonie überhaupt durch
176 2035 1232 2091 melodische Fortschreitung in einer Dreiklangsverbindung
175 2098 1235 2148 sich haben bilden sehen, so ist für die Entstehung des
