1444 2597
628 239 712 283 337
221 332 1196 387 Tetrametrische Formation kommt in der Anwendung
135 390 1202 435 nur dipodisch vor, die tripodische und tetrapodische ist
143 435 1213 491 aber der systematischen Vollständigkeit wegen hier mit
144 491 334 548 aufgeführt.
228 547 1186 596 Uebersichtlicher ist überhaupt das System der mög¬
136 596 1195 644 lichen Bildungen zu fassen, wenn wir nur das Zwei- und
137 652 1197 698 Dreifache beider Ordnungen combiniren, und für diesen
138 707 1192 755 Zweck das Vierzeitige als Doppelzweizeitiges gelten lassen.
139 756 1196 810 Die praktischen Metra sind, mit Ausnahme des Tetrameters,
140 812 641 858 in diesen Formen enthalten.
227 868 775 905 Diese Combination ist vierfach.
274 915 964 964 A. a) $$MATH. der dipodische Dimeter.
332 972 957 1018 b) $$MATH. der tripodische Dimeter.
272 1026 962 1068 B. a) $$MATH. der dipodische Trimeter
336 1075 976 1122 b) $$MATH. der tripodische Trimeter.
221 1133 1192 1171 147. Jede metrische Gestalt wird auf einer dieser
141 1188 1193 1228 Bestimmungen beruhen. Es ist aber damit nur der Grund¬
145 1235 1199 1284 riss ihrer Hauptgliederung gegeben, innerhalb welcher
145 1291 1190 1332 durch die Art der Gliederung des Gliedes dem Metrum
145 1342 835 1388 erst Character und Farbe ertheilt wird.
222 1395 1194 1443 148. Als rhythmische Gliedesgliederung können wir
133 1451 1197 1491 hier allein die ungleichzeitige betrachten; die gleichzeitige
141 1500 1197 1548 würde nur die metrische Bestimmung in einer anderen
137 1555 1191 1596 Ordnung wiederholen, das Zweizeitige der Dipodie z. B.
136 1604 1191 1651 als Doppelzweizeitiges erscheinen lassen. Wenn aber die
138 1660 1192 1706 Dipodie zweizeitig bleiben soll, darf das Glied nicht zwei¬
141 1715 1195 1771 zeitig werden. Somit tritt nun hier zu weiterer Belebung
137 1763 1188 1811 die Gliederung des Gliedes ein, welche nicht Gleiches als
137 1820 1199 1860 Erstes und Zweites nacheinander setzt, sondern Länge
138 1875 1191 1923 und Kürze. Wir kennen diese Form in der Sprachmetrik,
139 1923 1190 1979 als rhythmisch-positive, unter dem Namen Trochäus,
137 1993 1147 2036 $$GRAPHIC, als negative unter dem Namen Jambus, $$GRAPHIC.
219 2031 1195 2091 149. Dieser rhythmischen Zweiheitsbestimmung, wel¬
136 2083 1191 2139 che in ihrer Sphäre als dem Quintbegriffe entsprechend
