1444 2597
650 242 733 282 271
157 340 1226 388 gen, welche dem Metrum die natürlichsten sind, die keine
162 387 1152 433 auffallenden Betonungen enthalten, aus der Formation:
156 628 1156 665 hervor und wenn wir auch im Folgenden die Formen:
169 874 1223 923 sich werden als zulässige behaupten sehen, so bilden
170 931 1227 972 sich aus ihnen doch eben nur die Accente, mit welchen
166 978 1230 1027 das in der natürlichen Ordnung Accentlose, der sogenannte
173 1023 713 1075 schlechte Tacttheil betont wird.
261 1075 1228 1123 65. Die beiden Hälften des Ganzen stehen im vier¬
164 1139 1224 1178 zeitigen Metrum nicht in unmittelbarer Folge zu einander:
174 1180 1227 1235 der oberste Gegensatz ist hier der eines Ersten und Zwei¬
173 1235 646 1283 ten der Dreizeitigkeit.
255 1291 1219 1339 In diesem Zweimal-dreizeitigen ist aber das dritte zwei¬
169 1340 1230 1388 zeitige Glied, d. h. die zweite Hälfte des Ganzen, direct nur
170 1403 1231 1443 auf das zweite zu beziehen und wird sich zu dem ersten
176 1451 1229 1499 indirect als 1—1, 1—2; 2—1, 2—2 verhalten können,
172 1510 1233 1547 während es im doppel-zweizeitigen Metrum nur im Ver¬
176 1556 998 1602 hältnisse 1—2 oder 2—1 zu ihm stehen kann.
252 1604 1059 1650 Ist nun die Folge die oben zuerst angeführte:
177 2035 1238 2084 so erhält die zweite Hälfte, (das dritte zweizeitige
174 2091 1240 2137 Glied,) wie die erste, den Accent des Paares; das zweite
