1444 2597
664 228 758 275 295
183 323 1244 370 ist, welche mit zusammenschliessender Kraft die Doppel¬
181 379 1244 428 glieder der ersten aneinanderkettet, den Schluss unter
188 427 453 474 ihnen bewirkt.
268 483 1239 539 81. So geht es aus dem Begriffe der Verbindung
188 536 1239 579 selbst hervor, dass ein positiv-metrisch zweites Glied
189 595 1238 635 nicht rhythmisches Schlussmoment sein kann. Der Schluss
188 643 1238 683 wird jederzeit auf ein positiv Erstes, dem ein Zweites vor¬
188 699 1237 740 ausgegangen ist, auf den Anfang, nicht auf das Ende einer
186 748 1241 796 metrisch-positiven Zweiheit fallen: das letzte Glied eines
176 797 1235 851 positiven Paares wird immer das erste eines folgenden ver¬
185 852 1235 898 langen, um mit ihm zu schliessen. In der metrisch-nega¬
181 907 1227 948 tiven Formation ist das letzte Glied auch rhythmisch letz¬
184 955 1166 1004 tes, denn das negativ Letzte ist eben ein positiv Erstes.
268 1011 1236 1059 82. Wo der rhythmische Schluss ein metrisch zweites
175 1059 1231 1107 Glied trifft, da geschieht es, insofern jedes Eine einer
178 1116 1240 1162 höheren Ordnung in sich wieder ein Ein und Anderes einer
175 1172 1233 1211 niederen ist oder sein kann. Wenn in der einfach positiven
175 1220 1236 1266 zweizeitigen Form der rhythmische Schluss auf die zweite
173 1276 1240 1320 Zeit fällt, so hat die zweite Hälfte der ersten Zeit sich mit
175 1331 991 1372 der ersten Hälfte der zweiten Zeit verbunden
170 1588 1236 1634 denn in der Qualität der positiven Zweizeitigkeit kann die
167 1643 1236 1690 Form in sich mit ihrem Ersten und Zweiten keinen Schluss
174 1700 1231 1739 entstehen lassen, da der Schluss ein Getrenntsein voraus¬
168 1747 1236 1796 setzt und dieses hier noch nicht vorhanden ist. Das
172 1804 1233 1860 Schlussmoment ist also in seiner rhythmischen Bedeutung
170 1865 1232 1900 auch hier das Erste eines Zweiten und nicht das Zweite
180 1907 415 1955 eines Ersten.
258 1963 1229 2011 Man versuche nur den Schluss auf ein absolut Letz¬
168 2013 1237 2059 tes, oder, da es ein solches nicht geben kann, indem jede
171 2067 1241 2116 Einheit immer wieder in ihre Hälften zu trennen ist, auf
