1444 2597
732 227 823 267 158
246 330 1317 371 daher nicht die Auflösung in den A-Molldreiklang, wie ihn
246 372 1313 427 jenes, sondern in den A-Durdreiklang, wie das letztere
248 428 1318 476 System sie erfordert, auf diesen Septimenaccord erwartet
243 476 1316 523 wird, und zwar aus dem Grunde, welcher das Uebergreifen
244 531 1310 579 des Molltonartsystemes nach der Unterdominantseite schon
243 588 1298 635 früher überhaupt als weniger zulässig hat erscheinen las¬
251 636 1296 683 sen (59). Auch bei dem unter III. angeführten Septimen¬
252 700 1309 739 accorde c-E-gis|b verlässt uns das Gefühl der A-Molltonart
246 749 1305 788 fast gänzlich: wir vernehmen diesen Accord vielmehr, als
246 802 1296 852 der F-Durtonart angehörig, und zwar in c-E-b als C-e-B,
251 851 1311 899 den Dominantseptimenaccord derselben, in gis, wie der
245 907 1313 950 Sprachgebrauch es nennt, eine erhöhete Quint. Denn es
240 955 511 1010 ist das System
248 1092 1307 1140 ohne vollständigen Oberdominantdreiklang, den wir als das
241 1147 1298 1202 Positive der Molltonart erkannt haben, weit mehr geeignet,
245 1211 1313 1259 seine positiven Dreiklänge B-d-F-a-C als Hauptsächliches
247 1251 1309 1307 hervortreten zu lassen, als den Molldreiklang A-c-E. So
244 1306 1300 1362 lernen wir aber in diesem Zusammenklange einen Accord
240 1364 1304 1419 theoretisch kennen, der praktisch die häufigste Anwendung
241 1411 1308 1459 findet: den Dominantseptimenaccord der Durtonart
248 1468 1294 1509 mit chromatisch erhöheter Quint. Die in ihm ent¬
242 1515 1302 1563 haltene verminderte Terz unterwirft ihn einer bedingten
240 1571 1303 1621 Lage und verlangt allezeit die Umkehrung dieses Intervalles.
278 1692 1251 1737 Die sogenannten Nonen-, Undecimen- und Terz¬
362 1757 1182 1804 decimen-Accorde betreffend. Orgelpunct.
325 1851 1294 1915 238. Wenn in einer Folge nur immer das Nächstver¬
248 1907 1309 1955 wandte unmittelbar ergriffen und gleichzeitig als Dissonanz
238 1966 1304 2011 zusammengefasst werden kann, wenn also immer nur zwei
243 2012 1302 2067 Dreiklänge, die ein gemeinschaftliches Intervall enthalten,
238 2069 1321 2110 als Septimenaccord verbunden erscheinen können, so ist
