1444 2597
713 235 807 282 106
222 324 1284 371 dem aber hier in beiden Bestimmungen nicht das ganze
222 379 1285 427 mittlere Intervall bei der Auflösung berücksichtigt ist, son¬
229 435 1281 491 dern nur der eine oder der andere Ton desselben, so ist,
227 483 1280 529 wie früher schon berührt wurde, der nicht beachtete auch
220 540 1286 580 mehr geneigt in seiner Stelle zu beharren, als zu Her¬
226 596 1285 635 stellung der Consonanz sich fortzubewegen. Er wird an der
226 644 1284 691 Auflösung keinen Antheil nehmen wollen. Dann entsteht
225 700 1281 746 aber eine neue Dissonanz, indem der auflösend sich bewe¬
225 755 1289 803 gende Ton dissonant an den verharrenden, und zwar als
229 803 1281 860 Grundton, oder als Septime eines neuen Septimenaccordes,
232 860 1289 899 herantritt: denn es wird bei dem obigen Septimenaccorde
229 899 1283 963 e-G-h-D, die Vermittlung in G gesetzt, die Auflösung
228 963 1292 1019 e-G-h-C, mit der Vermittlung in h, die Auflösung F-G-h-D
232 1020 1282 1058 erfolgen, wenn im ersten Falle h, im zweiten G in seiner
234 1068 1287 1116 Stelle bleibt. Es ist hiermit eine Septimenharmonie in eine
233 1124 1291 1171 andere übergegangen. Wenn wir diese Folge in eben der
228 1179 1285 1216 Weise sich weiter fortsetzen lassen, so werden, vom
226 1227 1285 1275 Dreiklange der Tonica ausgehend, folgende Reihen ent¬
233 1284 365 1330 stehen:
316 1347 1294 1386 1) Nach der Unterdominantseite, wenn in den
377 1395 1292 1443 Septimenaccorden der untere Ton des mittleren
373 1452 1011 1499 Intervalles die Auflösung bestimmt:
313 1604 1294 1651 2) Nach der Oberdominantseite, wenn in den
364 1659 1290 1705 Septimenaccorden der obere Ton des mittleren In¬
377 1715 973 1771 tervalles die Auflösung bestimmt:
310 1868 1286 1913 In der ersten Reihe findet sich jetzt, was aus der Drei¬
232 1923 1289 1963 klangsfortschreitung allein nicht hervorgehen konnte, vom
233 1971 1287 2019 ersten zum vierten Gliede die vermittelte Folge C-e-G...
230 2028 1299 2072 C-D-F-a, in welcher der Grundton des Dreiklanges D|F-a
225 2076 1287 2123 nicht aus dem fortgeschrittenen C, sondern aus dem ab¬
