1444 2597
674 224 746 273 198
180 329 1244 380 glaubt, trägt sie etwas Unwahres in sich, und wir können
184 372 1229 418 die Bildungen, welche in solchen enharmonischen Verwechs¬
182 427 1241 475 lungen erst ihre Erklärung suchen müssen, denen, die auf
185 476 1232 539 einer organischen Verbindung beruhen, nicht beizählen.
183 531 1244 580 Sie haben kein natürliches Leben und existiren eben nur im
178 588 1239 628 trüben Elemente der Ungenauigkeit temperirter Intonation.
183 636 1240 682 Wenn wir aber schon wahrgenommen haben, wie für die
181 691 1229 739 Harmonie der Unterschied gleichnamiger Terz- und Quint¬
177 748 1243 793 töne sich als ein wesentlicher ergibt, die bei den Accord¬
176 796 1243 842 bildungen zwar in Collision kommen können, nie aber
185 854 1238 907 einer gleichgültig für den anderen stehen kann, so wird
183 908 1233 963 der Unterschied der enharmonisch verschiedenen Töne,
182 955 1233 1003 his—C, cis—Des, ein Gleichsetzen derselben im theoreti¬
180 1012 1247 1059 schen Begriffe noch weniger zulassen; nicht wegen des
181 1075 1240 1123 grösseren Klangabstandes, sondern weil in der organischen
180 1115 1239 1162 Generation, aus welcher die Tonbestimmungen hervorge¬
176 1171 1245 1219 hen, eine Möglichkeit des Verwechselns solcher differenten
183 1220 1247 1267 Stufen gar nicht vorhanden ist. Wenn wir auch bei der
177 1276 639 1331 positiven Dreiklangsreihe
177 1468 1238 1515 nicht stehen bleiben, in welcher der enharmonisch diffe¬
172 1524 1235 1571 rente Ton erst im neunten Gliede erscheint, sondern das
179 1579 1251 1622 nächstmögliche Herantreten desselben aufsuchen, wie es
174 1627 351 1675 die Reihe
174 1815 1237 1848 gewährt, so wird auch hier der innere Abstand enharmo¬
174 1852 1243 1898 nisch verschiedener Stufen noch immer weit über das
180 1908 1244 1949 hinausgreifen, was harmonisch oder melodisch zu einander
177 1955 639 2003 in Beziehung treten kann.
267 2011 1234 2059 291. Es sind aber auch bei Weitem nicht alle enhar¬
171 2067 1240 2107 monischen Substitutionen in der Notenschrift für Umdeut¬
