1444 2597
708 202 747 253 4
195 306 1243 343 worden ist, so bedarf es nur der schlichtesten Wahrneh¬
194 363 1255 395 mung, um zu erfahren, dass zwischen Consonanz und Disso¬
201 403 1250 451 nanz eine andere als eine blosse Gradverschiedenheit be¬
192 451 1254 507 steht. Wenn wir die Töne der Verhältnisse 2:3, 4:5, 5:6
199 507 1254 556 als consonante Intervalle, als Uebereinstimmung je zweier
190 563 1254 610 Klänge vernehmen, die Töne der Verhältnisse 8:9, 9:10,
200 620 1248 666 15:16 aber als Intervalle, die entschieden nicht consonant,
195 668 1254 715 nicht zusammenstimmend sind und in ihrem Zusammen¬
193 715 1245 763 klange nicht fortbestehen können, wie es die der vorherge¬
200 772 1259 820 henden Verhältnisse können, so wird von einem Mehr oder
196 828 1251 878 Weniger von Fasslichkeit allein, von einem nur quanti¬
198 876 1248 924 tativen Unterschiede unter den Verhältnissen dieser In¬
196 931 1253 979 tervalle nicht die Rede sein können, es wird ein qualita¬
193 987 666 1027 tiver nachzuweisen sein.
288 1043 1256 1091 Wo nun diese ersten Bestimmungen noch fehlen, da
198 1091 1250 1138 dürfen wir eine theoretische Begründung der Harmonie im
195 1148 1252 1190 weiteren Sinne, eine Begründung für das Gesetzmässige
196 1195 1252 1243 der Accordverbindungen, der Folge von Accorden, aus sol¬
199 1258 1252 1307 chen akustischen Verhältnissangaben allein wohl nicht er¬
205 1308 338 1347 warten.
282 1355 1247 1404 So sehen wir aber auch, dass jenes akustische Ein¬
196 1417 1253 1460 gangscapitel in den Lehrbüchern von der darauf folgenden
194 1460 1241 1507 Accord- oder Harmonielehre immer gänzlich wieder verlas¬
192 1515 1248 1564 sen wird. Dasselbe ist dem Buche als Anfang vorgesetzt,
200 1563 1245 1617 sein Inhalt kann aber in keiner Weise als Eingang der Lehre,
196 1620 1256 1668 als ein Princip gelten, aus welchem das darauf Folgende
198 1681 1252 1715 sich naturgemäss entwickele, und es hat weder das Wahre
200 1732 1255 1779 noch das Falsche der akustischen Voraussetzung einen wei¬
201 1780 1250 1819 tern Einfluss auf die Lehre selbst, was in Rücksicht des
197 1828 1257 1876 Unwahren und Halbwahren jener Voraussetzungen der Lehre
195 1883 973 1931 allerdings nur zum Vortheil gereichen kann.
273 1939 1246 1985 Es wird aber immer nicht in Abrede zu stellen sein,
187 1988 1251 2032 dass eine solche Lehre zwei Anfänge hat: einen verlasse¬
193 2043 981 2100 nen, aufgegebenen, und einen fortgesetzten.
