1444 2597
699 195 780 243 135
196 285 1275 339 Unterschied nicht zu erkennen ist, den die Notenschrift
205 340 1260 387 und Benennung noch bewahrt, da kann noch weniger die
202 396 1263 442 Verschiedenheit der mit gleichem Namen benannten Töne
209 444 490 491 erkennbar sein. —
286 499 1264 547 205. Dass die Grenzverbindungs-Dreiklänge und ebenso
203 551 1259 602 die Septimenaccorde, an welchen jene Theil haben, im
197 603 1259 652 Systeme der Moll-Durtonart dieselben sind, wie im
200 659 1264 706 Systeme der Molltonart, ist uns schon bekannt; es bedarf
201 713 1254 755 darum ihr Vorkommen in diesem Systeme keiner besonde¬
200 770 1260 811 ren Besprechung. Der verminderte Septimenaccord bezieht
202 820 1254 866 sich hier auf einen tonischen Durdreiklang, wie er im
192 867 1238 914 Mollsysteme auf einen tonischen Molldreiklang Bezug hat.
331 987 1109 1050 Verschiedenheit der Dissonanzwirkung.
275 1083 1254 1131 206. Die Verschiedenheit dissonanter Wirkung des
194 1132 1261 1178 Septimenaccordes, wie auch des Vorhaltsaccordes, beruht
195 1187 1254 1235 hauptsächlich auf dem melodischen Verhältnisse der Dis¬
189 1250 1247 1300 sonanztöne in ihrer Secundlage. Je entschiedener diese
193 1292 1247 1347 die melodische Fortschreitung in directer Accordverbindung
194 1348 1254 1395 enthalten, desto härter wird das Intervall, harmonisch
191 1403 1250 1442 auseinander gehalten, als Zusammenklang dissoniren müs¬
188 1452 1245 1505 sen. In der Tonleiter haben wir die Secundfortschreitung
193 1507 1252 1549 durchgängig auf gleiche Weise vermittelt gefunden; in der
191 1556 1241 1603 Dreiklangsverbindung aber war sie eine durch gleich¬
195 1617 1247 1660 zeitige Bewegung mehrerer Stimmen bedingte. Wenn die
190 1668 1252 1707 einzelne Stimme in der gegebenen C-Durtonart sich in der
193 1716 1244 1763 Folge C..D..e..F..G..a..h..C auf- und abwärts bewegen
193 1772 1251 1813 konnte, so wird in der Accordverbindung, welche die
187 1820 1253 1867 Dreiklänge C-e-G und G-h-D nicht unmittelbar, sondern
183 1876 1245 1923 in C-e-G..e-G-h..G-h-D vermittelt, folgen lässt, schon
182 1931 1251 1971 die erste melodische Bewegung nicht C..D, sondern C..h
184 1980 1251 2026 sein, die zweite sodann e..D, und wenn auch beide
184 2039 1259 2090 gleichzeitig erfolgen, wie es in der Folge C-e-G..h-D-G
