1444 2597
653 234 734 275 203
164 320 1220 370 tonischen Character. Durch die Oberdominanttonart wird
165 379 1224 427 dieser nicht allein nicht gefährdet sein, vielmehr wird er
159 435 1218 491 durch dieselbe eben erst festgesetzt. Die Haupttonart
165 483 1218 531 wird nach der Oberdominanttonart sich sogleich als to¬
158 547 1213 587 nische wieder fühlen lassen: nach einem Oberdomi¬
163 604 1229 635 nantabschlusse wird der tonische Anfang immer vollkommen
160 644 925 691 in seinem Rechte wieder eintreten können.
251 700 1220 746 298. Es bilden sich aber kleinere Tonstücke eben
159 761 1226 795 auch innerhalb derselben Tonart. Dann haben sie ihren
155 804 1220 851 harmonischen Gegensatz eben nicht in der Tonart, sondern
161 860 1212 912 nur im Accorde und es gilt in diesem Falle vom Dreiklange,
163 908 944 955 was eben von der Tonart gesagt worden ist.
250 964 1217 1010 299. Wie ein Tonstück modulatorisch sich aus toni¬
161 1018 1216 1060 scher und Oberdominanttonart bilden kann, nicht aber
158 1070 1224 1115 wohl aus tonischer und Unterdominanttonart, ebenso wird
161 1124 1214 1171 es ohne Modulation auch geschehen können mit dem toni¬
166 1173 1221 1218 schen und dem Oberdominantdreiklange, auf keine natür¬
163 1228 1205 1275 liche Weise aber mit dem tonischen und dem Unterdominant¬
161 1284 1211 1324 dreiklange; dort würde die Haupttonart, hier der Haupt¬
157 1333 1213 1388 dreiklang durch die Unterdominant selbst Oberdominant-,
153 1388 1212 1441 nicht Ausgangs-, sondern Fortgangs-Bedeutung annehmen,
162 1443 1213 1490 den Character des Positiven mit dem des Relativen ver¬
164 1492 334 1539 tauschen.
248 1548 1218 1595 300. Wenn aber die tonische Tonart, wie der tonische
154 1603 1225 1643 Dreiklang, zunächst die positive Qualität zu behaupten
156 1651 1222 1700 hat, so wird dies Positive doch eben nicht ein absolut
156 1708 1217 1754 und unmittelbar-Gegebenes bleiben dürfen; es würde
152 1763 1214 1803 ihm dann noch die Wirklichkeitsbedingung, auch Vermit¬
163 1812 1223 1867 teltes zu sein, abgehen. Wie der tonische Dreiklang
160 1873 1221 1923 nur mit seinem Unter- und Oberdominantdreiklange die
155 1915 1217 1970 volle Bedeutung als Vermitteltes und Vermittelndes erhält,
152 1971 1225 2019 indem der Unterdominantaccord nur eine positive, der
150 2027 1225 2064 Oberdominantaccord nur eine relative, der tonische aber
151 2091 1218 2131 gegen den ersten die relative, gegen den anderen die
