1444 2597
738 219 799 267 80
326 299 1304 362 119. Es ist bei der Entstehung der Septimenharmo¬
238 379 1297 420 nieen, wie wir dieselbe bisher haben kennen lernen, wahr¬
241 428 1301 468 zunehmen gewesen, dass ein Ton nicht aufsteigend zu einem
241 476 1293 525 liegenden dissonirend herantreten konnte, nämlich so, dass
241 524 1304 579 zu dem Grundtone die Septime in aufsteigender Bewegung
246 580 1293 634 kommen könnte; sondern sie tritt aus demselben Tone,
239 636 1299 675 der zum Grundtone des Septimenaccordes werden muss, ab¬
240 691 1307 732 steigend hinweg. Denn, wo die Septime später als der
246 740 1301 794 Grundton eintritt, d. h. wo der über-liegende Dreiklang
239 800 1297 835 dem unteren verbunden wird, da geschieht die durch die
246 850 1305 892 natürliche Folge gegebene Fortschreitung so, dass der
249 899 1307 939 Grundton des unteren Dreiklanges abwärts in die Quint
240 948 1304 995 des oberen, welche eben die Septime bildet, als in die
237 1004 1293 1051 melodisch nächste Stufe sich bewegt. Wo aber die Disso¬
248 1052 1304 1100 nanz durch aufsteigende Bewegung entsteht, d. h. wo der
244 1107 1295 1163 untere Dreiklang dem oberen folgt, da wird der eintretende,
249 1171 1296 1219 gegen den liegenden dissonirende Ton nur Grundton des
240 1217 1302 1259 unteren Dreiklanges und ebenso des Septimenaccordes sein
241 1267 1304 1315 können. Es ist also eine ganz organische Forderung, wenn
242 1318 1295 1363 die empirische Regel verlangt, dass die Septime, wo sie
243 1372 1300 1419 nicht vorbereitet ist, nur aus dem Grundtone oder dessen
244 1428 1300 1467 Octav nachgeschlagen werde. Ausnahme von dieser Regel
248 1475 1299 1523 finden die Septimenaccorde, an welchen die verminderten
238 1532 1297 1570 Dreiklänge Theil haben. Wir werden den Grund der Aus¬
244 1579 1296 1635 nahme als einen eben so leicht begreiflichen kennen lernen,
249 1635 806 1691 wie es der Grund der Regel ist.
325 1692 1299 1748 120. Es gibt überhaupt keine Regel, die nicht in et¬
241 1739 1302 1795 was Organisch-Gesetzlichem ihren Grund hätte. Die Regel
245 1796 1303 1851 befasst sich aber nicht damit, den Grund ihrer Forderung
244 1852 1290 1899 nachzuweisen, ist sich auch desselben oft nicht bewusst,
243 1906 1300 1947 und da sie nur die äussere Erscheinung, nicht das Wesen
250 1955 1298 1996 der Sache im Auge hat, so ist sie für jede andere Seite der
245 2004 1299 2051 Erscheinung selbst wieder eine andere. Das Organisch-
237 2059 1304 2106 Gesetzliche ist aber die Seele, die innere lebendige Einheit
