1444 2597
680 242 757 284 230
180 331 1251 379 ligen: der wiederholte ²⁄₄ Tact z. B. vom ⁴⁄₄ Tacte. Der
186 387 1245 427 erstere setzt sich eben nur als Ganzes sich selbst ent¬
184 444 310 491 gegen:
194 698 1250 732 wonach zwischen der zweiten und dritten Zeit keine Fol¬
194 747 1247 794 geverbindung besteht. Diese ist nur in den Paaren selbst
191 788 1239 835 und in den Gliedern jedes einzelnen Paares für sich ent¬
186 844 1248 892 halten. Im viertheiligen Metrum aber, welches erst durch
193 904 1250 940 das dreitheilige hindurchgehend zu seinem Begriffsganzen
189 948 715 1003 in der Viertheiligkeit gelangt,
193 1300 1259 1347 ist das dritte Glied nicht eine Wiederholung des ersten
185 1363 1249 1395 allein, als Anfang im zweiten Paare; es ist zuvor im drei¬
192 1411 1257 1459 theiligen, auch nachfolgendes des zweiten Gliedes gewesen
196 1459 1248 1507 und gibt das Verhältniss zu diesem erst mit dem Eintritte
189 1523 1246 1571 des vierten Gliedes wieder auf, d. h. es gibt das zweite
195 1563 1249 1611 Glied seinem ersten wieder zurück und lässt es mit die¬
188 1620 1249 1675 sem sich verbinden, nachdem es zuerst Eins mit ihm,
193 1671 692 1716 dann getrennt von ihm war.
281 1723 1247 1772 20. Wie nun die Bestimmungen der metrischen For¬
186 1780 1256 1826 mation ihren wesentlichen Bezug zwar immer nur auf
191 1835 1249 1876 das erste Gliederpaar haben, so stellt sich der Unter¬
194 1892 1254 1932 schied der zwei-, drei- und viertheiligen, sowie der
195 1939 1255 1987 Unterschied der viertheiligen und der wiederholt-zwei¬
185 1996 1244 2042 theiligen Gliederung doch eben auch in den Zeitfiguren,
188 2055 1249 2099 wie wir sie eben gezeichnet haben, selbst dar; sie ge¬
186 2100 1248 2147 währen, als der Leib der Seele, als die Aeusserung des
