<?xml version="1.0" encoding="UTF-8" standalone="yes"?>
<PcGts xmlns="http://schema.primaresearch.org/PAGE/gts/pagecontent/2013-07-15" xmlns:xsi="http://www.w3.org/2001/XMLSchema-instance" xsi:schemaLocation="http://schema.primaresearch.org/PAGE/gts/pagecontent/2013-07-15 http://schema.primaresearch.org/PAGE/gts/pagecontent/2013-07-15/pagecontent.xsd">
    <Metadata>
        <Creator>prov=University of Rostock/Institute of Mathematics/CITlab|PLANET AI GmbH/Gundram Leifert/gundram.leifert@planet-ai.de:name=ONB_Newseye_GT_M1+(htr_id=10810)::::v=2.6.7
prov=University of Rostock/Institute of Mathematics/CITlab|PLANET AI GmbH/Tobias Gruening/tobias.gruening@planet-ai.de:name=de.uros.citlab.module.baseline2polygon.B2PSeamMultiOriented:v=2.6.7
prov=University of Rostock/Institute of Mathematics/CITlab|PLANET AI GmbH/Tobias Gruening/tobias.gruening@planet-ai.de:name=/net_tf/LA73_249_0mod360.pb:de.uros.citlab.segmentation.CITlab_LA_ML:v=2.6.6
Transkribus</Creator>
        <Created>2021-02-02T15:22:30.962+01:00</Created>
        <LastChange>2021-08-30T19:33:47.763+02:00</LastChange>
        <TranskribusMetadata docId="764523" pageId="28718873" pageNr="4" tsid="63790347" status="DONE" userId="74363" imgUrl="https://files.transkribus.eu/Get?id=GQROSOXPXHLJCNYMNOKXBHPN&amp;fileType=view" xmlUrl="https://files.transkribus.eu/Get?id=QPZOFPIRTPMGCGCAHNUROFTP" imageId="22439378"/>
    </Metadata>
    <Page imageFilename="Hauptmann1853-0013.jpg" imageWidth="1444" imageHeight="2597" type="content">
        <ReadingOrder>
            <OrderedGroup id="ro_1630597157703" caption="Regions reading order">
                <RegionRefIndexed index="0" regionRef="TextRegion_1612352305808_324"/>
                <RegionRefIndexed index="1" regionRef="TextRegion_1612352335218_339"/>
                <RegionRefIndexed index="2" regionRef="TextRegion_1612352335218_338"/>
            </OrderedGroup>
        </ReadingOrder>
        <TextRegion orientation="0.0" type="page-number" id="TextRegion_1612352305808_324" custom="readingOrder {index:0;} structure {type:page-number;}">
            <Coords points="204,231 1270,231 1270,285 204,285"/>
            <TextLine id="line_1612352305857_327" custom="readingOrder {index:0;}">
                <Coords points="708,275 752,275 757,270 768,270 768,250 760,250 754,244 747,243 708,243"/>
                <Baseline points="715,268 761,268"/>
                <TextEquiv>
                    <Unicode>VI</Unicode>
                </TextEquiv>
            </TextLine>
            <TextEquiv>
                <Unicode>VI</Unicode>
            </TextEquiv>
        </TextRegion>
        <TextRegion orientation="0.0" type="paragraph" id="TextRegion_1612352335218_339" custom="readingOrder {index:1;} structure {type:paragraph;}">
            <Coords points="204,285 1270,285 1270,1322 204,1322"/>
            <TextLine id="r1l2" custom="readingOrder {index:0;}">
                <Coords points="207,403 1277,389 1277,360 1190,348 207,348"/>
                <Baseline points="214,391 266,390 319,389 372,389 425,389 478,389 530,389 583,389 636,390 689,390 742,391 794,391 847,392 900,392 953,392 1006,392 1058,391 1111,391 1164,390 1217,389 1270,387"/>
                <TextEquiv>
                    <Unicode>durch das natürliche Gefühl hinlänglich gesichert</Unicode>
                </TextEquiv>
            </TextLine>
            <TextLine id="r1l3" custom="readingOrder {index:1;}">
                <Coords points="202,475 1204,484 1264,475 1264,434 202,439"/>
                <Baseline points="208,466 260,466 312,466 365,466 417,466 470,466 522,466 575,466 627,467 680,467 732,467 784,467 837,468 889,468 942,468 994,468 1047,467 1099,467 1152,467 1204,466 1257,465"/>
                <TextEquiv>
                    <Unicode>scheint. Man hört aber doch auch das Verlangen</Unicode>
                </TextEquiv>
            </TextLine>
            <TextLine id="r1l4" custom="readingOrder {index:2;} concept_mus {offset:39; length:5;}">
                <Coords points="208,555 1260,555 1260,512 208,516"/>
                <Baseline points="214,544 268,543 323,542 378,542 432,541 487,541 542,542 596,542 651,542 706,543 760,543 815,543 870,544 924,544 979,544 1034,544 1088,544 1143,543 1198,542 1253,541"/>
                <TextEquiv>
                    <Unicode>aussprechen, den Grund gewisser in der Musik als</Unicode>
                </TextEquiv>
            </TextLine>
            <TextLine id="r1l5" custom="readingOrder {index:3;}">
                <Coords points="209,627 1259,626 1259,588 1062,580 209,588"/>
                <Baseline points="215,617 266,617 318,617 370,617 422,617 474,617 526,617 578,617 630,618 682,618 734,618 785,619 837,619 889,619 941,619 993,619 1045,619 1097,619 1149,619 1201,618 1253,617"/>
                <TextEquiv>
                    <Unicode>unabweislich bestehenden Forderungen kennen zu</Unicode>
                </TextEquiv>
            </TextLine>
            <TextLine id="r1l6" custom="readingOrder {index:4;}">
                <Coords points="202,707 1258,707 1258,666 1164,652 1111,683 1015,652 432,651 351,684 202,651"/>
                <Baseline points="208,694 260,694 312,694 364,694 416,694 468,694 520,694 573,694 625,694 677,694 729,695 781,695 833,695 885,695 938,695 990,695 1042,695 1094,694 1146,694 1198,693 1251,693"/>
                <TextEquiv>
                    <Unicode>lernen, und die Regeln begründet zu wissen, deren</Unicode>
                </TextEquiv>
            </TextLine>
            <TextLine id="r1l7" custom="readingOrder {index:5;}">
                <Coords points="204,777 1253,772 1216,732 204,736"/>
                <Baseline points="210,768 261,768 313,769 365,769 417,769 469,770 521,770 572,770 624,771 676,771 728,771 780,771 832,772 884,772 935,771 987,771 1039,771 1091,770 1143,769 1195,769 1247,767"/>
                <TextEquiv>
                    <Unicode>Gültigkeit zwar gefühlt wird, die aber der verstän¬</Unicode>
                </TextEquiv>
            </TextLine>
            <TextLine id="r1l8" custom="readingOrder {index:6;}">
                <Coords points="209,852 1257,843 1257,815 1194,803 999,804 968,835 209,810"/>
                <Baseline points="216,844 267,844 319,845 371,845 422,845 474,846 526,846 577,847 629,847 681,847 733,848 784,848 836,848 888,848 939,848 991,847 1043,847 1094,846 1146,845 1198,844 1250,843"/>
                <TextEquiv>
                    <Unicode>digen Nachweisung meist ermangeln. Solchem Ver¬</Unicode>
                </TextEquiv>
            </TextLine>
            <TextLine id="r1l9" custom="readingOrder {index:7;}">
                <Coords points="201,934 1266,922 1207,884 201,884"/>
                <Baseline points="208,920 260,920 313,920 365,920 418,921 471,921 523,921 576,922 628,922 681,923 734,923 786,923 839,923 891,923 944,923 997,923 1049,922 1102,922 1154,921 1207,920 1260,918"/>
                <TextEquiv>
                    <Unicode>langen entgegenzukommen möchte das hier Gebo¬</Unicode>
                </TextEquiv>
            </TextLine>
            <TextLine id="r1l10" custom="readingOrder {index:8;}">
                <Coords points="206,1003 1101,1011 1267,1002 1267,960 1170,986 1127,956 856,957 784,987 687,955 206,964"/>
                <Baseline points="212,995 264,995 316,995 369,996 421,996 474,997 526,997 578,997 631,998 683,998 736,998 788,998 840,999 893,999 945,998 998,998 1050,998 1102,997 1155,997 1207,996 1260,995"/>
                <TextEquiv>
                    <Unicode>tene sich geeignet erweisen, und bei dem Mit- und</Unicode>
                </TextEquiv>
            </TextLine>
            <TextLine id="r1l11" custom="readingOrder {index:9;}">
                <Coords points="200,1084 1268,1084 1251,1035 989,1061 913,1035 885,1063 560,1036 532,1064 200,1036"/>
                <Baseline points="207,1072 259,1072 312,1073 365,1073 418,1073 470,1073 523,1074 576,1074 629,1074 681,1074 734,1074 787,1074 840,1074 892,1074 945,1074 998,1073 1051,1073 1103,1073 1156,1073 1209,1073 1262,1073"/>
                <TextEquiv>
                    <Unicode>Nachdenkenden Anklang finden. Es enthält nicht</Unicode>
                </TextEquiv>
            </TextLine>
            <TextLine id="r1l12" custom="readingOrder {index:10;} concept_mus {offset:5; length:12;} concept_mus {offset:22; length:9;} textStyle {offset:32; length:10;fontSize:0.0; kerning:0; letterSpaced:true;}">
                <Coords points="198,1155 1183,1163 1261,1154 1261,1123 198,1125"/>
                <Baseline points="204,1147 256,1147 309,1148 361,1148 414,1148 466,1148 519,1148 571,1148 624,1149 676,1149 729,1149 781,1149 834,1149 886,1149 939,1149 991,1149 1044,1149 1096,1149 1149,1149 1201,1149 1254,1149"/>
                <TextEquiv>
                    <Unicode>eine musikalische und metrische Kunstlehre, es</Unicode>
                </TextEquiv>
            </TextLine>
            <TextLine id="r1l13" custom="readingOrder {index:11;} textStyle {offset:32; length:10;fontSize:0.0; kerning:0; letterSpaced:true;}">
                <Coords points="202,1235 1264,1232 1264,1198 1214,1188 543,1212 202,1187"/>
                <Baseline points="209,1222 261,1222 313,1223 366,1223 418,1224 471,1224 523,1224 576,1225 628,1225 681,1225 733,1225 785,1225 838,1225 890,1225 943,1225 995,1225 1048,1225 1100,1225 1153,1225 1205,1225 1258,1225"/>
                <TextEquiv>
                    <Unicode>beschäftigt sich allein mit der Naturlehre der</Unicode>
                </TextEquiv>
            </TextLine>
            <TextLine id="r1l14" custom="readingOrder {index:12;} concept_mus {offset:0; length:13;} concept_mus {offset:18; length:10;}">
                <Coords points="204,1307 901,1314 938,1308 938,1268 204,1270"/>
                <Baseline points="210,1299 246,1299 282,1299 318,1299 354,1300 390,1300 426,1300 462,1300 498,1300 534,1300 571,1299 607,1299 643,1299 679,1299 715,1299 751,1299 787,1299 823,1299 859,1299 895,1300 932,1300"/>
                <TextEquiv>
                    <Unicode>musikalischen und metrischen Kunst.</Unicode>
                </TextEquiv>
            </TextLine>
            <TextEquiv>
                <Unicode>durch das natürliche Gefühl hinlänglich gesichert
scheint. Man hört aber doch auch das Verlangen
aussprechen, den Grund gewisser in der Musik als
unabweislich bestehenden Forderungen kennen zu
lernen, und die Regeln begründet zu wissen, deren
Gültigkeit zwar gefühlt wird, die aber der verstän¬
digen Nachweisung meist ermangeln. Solchem Ver¬
langen entgegenzukommen möchte das hier Gebo¬
tene sich geeignet erweisen, und bei dem Mit- und
Nachdenkenden Anklang finden. Es enthält nicht
eine musikalische und metrische Kunstlehre, es
beschäftigt sich allein mit der Naturlehre der
musikalischen und metrischen Kunst.</Unicode>
            </TextEquiv>
        </TextRegion>
        <TextRegion orientation="0.0" id="TextRegion_1612352335218_338" custom="readingOrder {index:2;} structure {type:paragraph-continued;}">
            <Coords points="204,1322 1270,1322 1270,2109 204,2109"/>
            <TextLine id="r1l15" custom="readingOrder {index:0;} concept_mus {offset:16; length:11;}">
                <Coords points="265,1382 1261,1395 1261,1347 1175,1339 265,1345"/>
                <Baseline points="272,1374 321,1375 370,1375 419,1375 468,1376 517,1376 566,1376 615,1376 664,1376 713,1376 763,1376 812,1376 861,1376 910,1376 959,1375 1008,1375 1057,1375 1106,1376 1155,1376 1204,1376 1254,1376"/>
                <TextEquiv>
                    <Unicode>Dieser abstract theoretisch gehaltenen Darstellung</Unicode>
                </TextEquiv>
            </TextLine>
            <TextLine id="r1l16" custom="readingOrder {index:1;} concept_mus {offset:4; length:8;}">
                <Coords points="207,1459 1267,1455 1198,1412 207,1413"/>
                <Baseline points="214,1450 266,1450 318,1450 370,1451 423,1451 475,1451 527,1451 580,1451 632,1451 684,1451 737,1452 789,1452 841,1452 893,1452 946,1452 998,1452 1050,1452 1103,1451 1155,1451 1207,1451 1260,1450"/>
                <TextEquiv>
                    <Unicode>des Systemes beabsichtigt der Verfasser einen schon</Unicode>
                </TextEquiv>
            </TextLine>
            <TextLine id="r1l17" custom="readingOrder {index:2;}">
                <Coords points="201,1533 1249,1535 1216,1491 201,1498"/>
                <Baseline points="208,1525 259,1526 311,1526 363,1527 414,1527 466,1527 518,1527 569,1528 621,1528 673,1528 725,1528 776,1528 828,1528 880,1528 931,1527 983,1527 1035,1527 1086,1527 1138,1527 1190,1527 1242,1527"/>
                <TextEquiv>
                    <Unicode>vorbereiteten Nachtrag folgen zu lassen, der erläu¬</Unicode>
                </TextEquiv>
            </TextLine>
            <TextLine id="r1l18" custom="readingOrder {index:3;} concept_mus {offset:39; length:11;}">
                <Coords points="200,1611 1055,1626 1254,1610 1254,1571 200,1572"/>
                <Baseline points="207,1602 259,1602 311,1603 363,1603 415,1603 467,1603 519,1603 571,1603 623,1603 675,1603 727,1603 779,1603 831,1603 883,1603 935,1603 987,1603 1039,1603 1091,1603 1143,1602 1195,1602 1248,1602"/>
                <TextEquiv>
                    <Unicode>ternd sich mehr mit dem Einzelnen, mit praktischer</Unicode>
                </TextEquiv>
            </TextLine>
            <TextLine id="r1l19" custom="readingOrder {index:4;}">
                <Coords points="202,1691 1255,1690 1255,1649 1215,1636 202,1649"/>
                <Baseline points="209,1679 263,1679 318,1679 373,1679 427,1679 482,1679 537,1679 591,1679 646,1679 701,1679 755,1679 810,1679 865,1679 919,1679 974,1679 1029,1679 1083,1679 1138,1678 1193,1678 1248,1678"/>
                <TextEquiv>
                    <Unicode>durch Beispiele nachweisender Ausführung des hier</Unicode>
                </TextEquiv>
            </TextLine>
            <TextLine id="r1l20" custom="readingOrder {index:5;}">
                <Coords points="204,1762 1252,1763 1252,1720 204,1724"/>
                <Baseline points="210,1755 261,1755 313,1755 365,1754 417,1754 468,1754 520,1754 572,1754 624,1754 675,1754 727,1754 779,1754 831,1754 882,1754 934,1754 986,1754 1038,1754 1089,1754 1141,1754 1193,1753 1245,1753"/>
                <TextEquiv>
                    <Unicode>nur im Zusammenhange Dargelegten befassen wird.</Unicode>
                </TextEquiv>
            </TextLine>
            <TextLine id="r1l21" custom="readingOrder {index:6;}">
                <Coords points="198,1843 1259,1827 1178,1788 577,1788 511,1820 198,1790"/>
                <Baseline points="204,1828 256,1829 308,1829 361,1830 413,1830 466,1830 518,1831 570,1831 623,1831 675,1831 728,1831 780,1831 832,1830 885,1830 937,1830 990,1830 1042,1829 1094,1829 1147,1828 1199,1828 1252,1828"/>
                <TextEquiv>
                    <Unicode>Die zuweilen gehäuft scheinenden Paragraphen¬</Unicode>
                </TextEquiv>
            </TextLine>
            <TextLine id="r1l22" custom="readingOrder {index:7;}">
                <Coords points="202,1915 1160,1922 1265,1912 1265,1877 202,1881"/>
                <Baseline points="208,1907 260,1907 313,1906 365,1906 418,1906 470,1906 523,1906 575,1906 628,1906 680,1906 733,1906 785,1906 838,1906 890,1906 943,1905 995,1905 1048,1905 1100,1905 1153,1905 1205,1905 1258,1904"/>
                <TextEquiv>
                    <Unicode>zahlen werden es möglich machen, überall, wo</Unicode>
                </TextEquiv>
            </TextLine>
            <TextLine id="r1l23" custom="readingOrder {index:8;}">
                <Coords points="202,1995 1268,1981 1232,1940 879,1940 833,1970 696,1940 202,1948"/>
                <Baseline points="208,1982 260,1982 313,1981 365,1981 418,1981 471,1981 523,1981 576,1981 629,1981 681,1981 734,1981 787,1981 839,1981 892,1982 945,1982 997,1982 1050,1982 1103,1982 1155,1981 1208,1981 1261,1981"/>
                <TextEquiv>
                    <Unicode>irgend eine weitere Erklärung, oder ein Beispiel in</Unicode>
                </TextEquiv>
            </TextLine>
            <TextLine id="r1l24" custom="readingOrder {index:9;} concept_mus {offset:0; length:12;} concept_mus {offset:18; length:10;}">
                <Coords points="202,2066 1256,2058 1229,2027 202,2020"/>
                <Baseline points="208,2058 260,2058 312,2058 364,2058 416,2057 468,2057 520,2057 572,2057 624,2057 676,2058 729,2058 781,2058 833,2058 885,2058 937,2058 989,2058 1041,2057 1093,2057 1145,2057 1197,2057 1250,2056"/>
                <TextEquiv>
                    <Unicode>harmonischer oder metrischer Anwendung wün¬</Unicode>
                </TextEquiv>
            </TextLine>
            <TextEquiv>
                <Unicode>Dieser abstract theoretisch gehaltenen Darstellung
des Systemes beabsichtigt der Verfasser einen schon
vorbereiteten Nachtrag folgen zu lassen, der erläu¬
ternd sich mehr mit dem Einzelnen, mit praktischer
durch Beispiele nachweisender Ausführung des hier
nur im Zusammenhange Dargelegten befassen wird.
Die zuweilen gehäuft scheinenden Paragraphen¬
zahlen werden es möglich machen, überall, wo
irgend eine weitere Erklärung, oder ein Beispiel in
harmonischer oder metrischer Anwendung wün¬</Unicode>
            </TextEquiv>
        </TextRegion>
    </Page>
</PcGts>
