1444 2597
681 236 756 281 39
177 316 1253 371 Durdreiklängen; die Accordreihe des Molltonart-Begriffes geht
186 380 1249 427 von einem Momente des Widerspruches aus und bildet nach
185 436 1246 483 der einen Richtung eine Kette von Durdreiklängen, nach der
183 492 872 532 andern eine Kette von Molldreiklängen.
536 1147 888 1194 Moll-Dur-Tonart.
264 1236 1238 1276 43. In der Molltonart ist das negative Moment, die
181 1283 1231 1333 Negation des zuerst gesetzten positiven- oder Durdrei¬
190 1339 1237 1387 klanges, zur Hauptsache, zur Mitte oder Tonica bestimmt.
180 1395 1243 1451 Wir können den Begriff des Tonartsystemes aber auch so
190 1443 1238 1491 fassen, dass er diese Negation, den Molldreiklang, als
183 1500 1240 1547 wesentliche Bestimmung zwar enthalte, ohne jedoch ihn
180 1555 1237 1595 als Hauptmoment hervor zu heben, d. h. in die Mitte des
186 1603 1236 1651 Systemes zu stellen. Dann wird der positive- oder Dur¬
186 1659 1238 1708 dreiklang die Mitte vertreten und dessen Negation, der Moll¬
181 1719 1241 1755 dreiklang, erhält seine Stelle als Unterdominantaccord.
182 1763 1238 1819 Als Oberdominantaccord ergibt sich aus der Fortsetzung
181 1820 1175 1870 der positiven Reihe von selbst allezeit ein Durdreiklang.
271 1868 1237 1915 Es bildet sich dadurch ein Tonartsystem, welches den
181 1923 1237 1971 Dur- und Moll-Begriff in seinem Wesen und Wirken vereint
184 1988 1232 2035 enthält. Wir erhalten dann diejenige Harmonie der Durton¬
186 2040 1116 2085 art in welcher die kleine Sext sich geltend macht.
269 2083 1248 2132 Das System gestaltet sich; wenn wir in der obigen
