1444 2597
660 227 748 275 297
256 323 1167 378 84. Wenn also in der positiv-zweizeitigen Einheit,
175 540 1237 588 die zweite Zeit zu rhythmischem Schlussmomente werden
169 596 1235 636 soll, so kann diess nur im Sinne der rhythmischen Ver¬
175 643 1239 691 bindung der zweiten Hälfte des ersten Gliedes mit der
171 700 837 748 ersten Hälfte des zweiten geschehen:
169 956 1239 1001 daher auch die zweite Zeit hier, wenn sie bis zum Ende
172 1011 1237 1062 gehalten, d. h. mit Inhalt erfüllt würde, zu lang, schwer
180 1059 1234 1107 und schleppend erschiene. Der Schluss ist eben in der
176 1116 279 1171 Figur
180 1323 1225 1356 vollendet, der letzte, vierte Theil würde dem Schluss¬
179 1363 1220 1419 gliede angehängt, ihm eine unnütze Last sein; denn die¬
169 1413 1231 1475 ses steht als solches hier nicht in der Bedeutung der zwei¬
180 1475 1231 1514 ten Hälfte des Ganzen, sondern nur in der des ersten
177 1522 1235 1571 Theiles in dieser zweiten Hälfte. Der Schluss ist daher nicht
422 1603 963 1692 $$GRAPHIC, sondern $$GRAPHIC;
167 1707 1234 1748 wie er eben auch praktisch von selbst sich also ausfüh¬
168 1763 350 1803 ren wird.
258 1811 1239 1858 85. In der eben bezeichneten rhythmischen Schlussfigur
172 2068 1230 2116 ist, durch die Schlussbedingung, aus der einfach-zwei¬
