1444 2597
647 225 712 275 95
144 325 1213 379 fis-h-D-fis verwechseln wollen) so war sie doch hier sogleich
150 381 1212 419 mit anzuführen, um die möglichen Formen zur Uebersicht
152 436 1213 483 zusammenfassen zu können; und es ergibt sich nun, dass
148 483 1216 531 das dissonirende Intervall zur Auflösung in jedes der drei
148 531 925 579 Intervalle des Dreiklanges übergehen kann.
239 593 1209 643 1) In die Terz; wenn eine der beiden als Secund
150 652 1203 690 dissonirenden Stimmen sich auflösend von der anderen be¬
154 700 1213 747 wegt: die Septime abwärts oder der Grundton aufwärts
151 755 240 803 tritt.
233 809 1207 868 2) In die Quint; wenn beide als Septime dissoni¬
156 859 1213 907 rende Stimmen sich auflösend gegen einander bewegen: die
158 916 1065 963 Septime abwärts und der Grundton aufwärts tritt.
238 980 1209 1017 3) In die Octav; wenn beide als Septime dissoni¬
157 1035 1210 1075 rende Stimmen sich auflösend von einander bewegen: die
157 1083 1215 1131 Septime chromatisch aufwärts, der Grundton diatonisch
154 1145 1213 1179 abwärts, oder der Grundton chromatisch abwärts und die
157 1187 753 1235 Septime diatonisch aufwärts tritt.
241 1252 1215 1299 144. Sonach wird jede Art der melodischen (nicht
158 1307 1203 1352 sprungweisen) Fortbewegung in den dissonirenden Stim¬
152 1363 1215 1403 men, die sie von einander oder zu einander in eins
161 1412 1217 1455 der drei Dreiklangsintervalle führt, die Möglichkeit einer
156 1460 1211 1507 Auflösung des Septimenaccordes enthalten, und die Auf¬
153 1515 656 1563 lösung kann vermittelt sein:
238 1580 909 1636 1) durch einen neu eintretenden Ton,
244 1635 996 1682 2) durch einen der beiden mittleren Töne,
242 1684 533 1739 3) durch beide.
240 1748 1224 1786 145. Das Allgemeine der Dissonanzauflösung, wie
157 1795 1209 1840 es bisher besprochen ist, wird schematisch in der folgen¬
160 1859 1220 1900 den Darstellung zusammengefasst werden können. Wir
161 1911 1214 1955 sehen aber dabei von der Verschiedenheit der combinir¬
160 1956 1211 2011 ten Dreiklänge ab, insofern sie nämlich harte, weiche,
156 2017 1204 2055 oder verminderte sind, und bezeichnen nur die Com¬
156 2059 1229 2106 bination selbst. Dass nicht zwei Dreiklänge derselben
