1444 2597
697 244 775 292 229
203 342 1257 387 tigen Verständnisse in's Auge zu fassen, dass es immer
205 395 1255 435 eine und dieselbe Einheit ist, an welcher die Aenderun¬
204 444 1255 500 gen erfolgen; — anders würde eben auch eine Aenderung,
203 499 1255 548 ein Anderswerden, keinen verständlichen Sinn haben kön¬
197 562 1258 603 nen. Nur insofern durch die späteren metrischen Momente
197 604 1257 651 an dem ersten eine Bestimmung erfolgt, haben sie zu die¬
201 665 1259 716 sem eine Einheitsbedeutung. Die mit dem ersten Schlage
201 714 1258 772 noch unbestimmte, mit dem zweiten Schlage bestimmt
200 778 1253 819 gegebene Einheit geht durch den dritten Schlag in Zwei¬
197 820 1264 867 heit auseinander, durch den vierten aus der Zweiheit in
204 876 1260 922 die Einheit der Zweiheit über. Es ist der Uebergang aus
195 924 1261 971 dem Gefühle des unmittelbar-Ganzen, durch die verstän¬
201 980 1254 1029 dig sondernde Wahrnehmung seiner Glieder, zu dem ge¬
194 1036 1259 1082 fühlt-verständigen, d. i. vernünftigen Begriffe des Ganzen,
195 1084 568 1138 in seiner Gliederung.
281 1147 1258 1188 18. Das Viertheilige ist nun auch als musikalisches
196 1195 1244 1237 Zeitmaass das in sich selbst vollständig bestimmte, selb¬
198 1244 1255 1290 ständige Metrum, welches, alle Momente des Begriffes
200 1300 1254 1346 eines gegliedert-Ganzen in sich enthaltend, keines andern
195 1353 1178 1411 Hinzutretenden zu seiner Einheitsergänzung bedarf. —
197 1410 1250 1460 Denn die Einheiten des metrisch Zweitheiligen und des
197 1460 1253 1507 Dreitheiligen sind allein genommen noch mangelhaft in ihren
200 1515 1261 1563 inneren Gliederungsbestimmungen. In der ersteren fehlt
197 1563 1247 1611 noch das Trennungsmoment, in der letzteren das Wieder¬
196 1621 1254 1675 verbindungsmoment. Beide verlangen die Wiederholung
196 1676 1249 1722 ihrer selbst, um als Theil, als Hälfte im Einheitsbegriffe
193 1724 1257 1771 eines Ganzen höherer Ordnung ihre Bestimmung finden zu
191 1781 345 1828 können.
262 1892 1184 1938 Unterschied des doppel-zweizeitigen und des
503 1955 935 2012 vierzeitigen Metrums.
275 2044 1254 2099 19. Es wird aber das Wiederholt-Zweitheilige sich
179 2100 1251 2134 immer leicht unterscheiden von dem wesentlich Vierthei¬
