1659 2562
1181 357 1241 403 33
276 436 1232 501 grossen Stärke desselben siegreich überwindet, ihn
279 484 579 544 überhören macht:
271 700 1233 766 Dass aber sogar die Prim des Mollakkords
270 751 1234 801 ganz fehlen kann und besonders bei Schlüssen
274 786 1222 845 sehr oft fehlt (wenigstens wenn der Dominant¬
267 829 1233 883 septimenakkord den Schluss vollzieht), erklärt sich
278 869 1236 921 gleichfalls vollkommen genügend aus der Stärke des
276 917 1233 962 dritten Obertons von A, vollends im vierstimmigen
271 947 1223 1010 Satze, wo dann a von drei Stimmen angegeben wird.
273 1290 1224 1331 Hier haben wir sogar e dreimal als 3. Oberton! Die
271 1331 1228 1381 ausserhalb des Akkordes fallenden 5. Obertöne der drei
270 1376 1225 1419 a (cis2, cis3, cis1) werden durch die Oktavtöne des c1
267 1412 1224 1454 paralysiert und nicht bemerkt. (Von der durch die
262 1451 1218 1497 Schwebungen der c gegen die cis bedingten Dissonanz¬
270 1493 1216 1536 wirkung bemerkt das musikalische Ohr nichts.)
344 1529 1220 1582 Hat man sich nur erst einmal ernstlich von der
268 1563 1221 1622 Idee losgemacht, aus den Phänomenen die Prinzipien
272 1609 1223 1662 der Konsonanz und Dissonanz ableiten zu wollen, so
268 1656 1222 1706 gibt es tatsächlich nichts eigentlich Problematisches
271 1698 1220 1743 mehr an dem Gegensatze von Dur und Moll. Da es eine
267 1733 1225 1782 grundlegende und durch keine Schlüsse aus der Welt
261 1775 1219 1821 zu schaffende Tatsache unseres Musikhörens ist, dass
266 1817 1215 1866 wir Oktavtöne zu einer engeren Einheit verbinden als alle
262 1859 1224 1904 sonstigen gegen einander verständlichen Töne, so ist es
261 1891 1223 1944 übrigens auch in keiner Weise geboten, als Grundform
260 1927 1219 1977 der beiden Arten der Konsonanz die gespreizte Lage
263 1969 1218 2026 1:3:5 anzunehmen, vielmehr liegt es im Hinblick auf
255 2017 1215 2057 den beschränkten Umfang der Singstimmen nahe, als
255 2045 1211 2100 Prototyp beider die enge Lage als 4:5:6 anzusehen,
257 2097 1190 2144 wenn auch mit dem Seitenblick auf die einigende 1:
