1654 2550
422 371 465 419 4
506 435 1364 495 Dieser Prellstein ist der „Grundton” des Moll¬
420 490 604 535 akkords.
513 529 1360 573 Von den Musikern, welche sich mit der neueren
425 566 1365 616 Harmonielehre eingehender beschäftigt und davon durch
425 608 1359 651 eigene Bücher oder Aufsätze Zeugnis abgelegt haben,
425 653 1365 699 glauben einige, allen Schwierigkeiten aus dem Wege zu
423 687 1361 740 gehen, wenn sie zwar die umgekehrte Deutung des
428 732 1365 771 Mollakkordes als notwendig anerkennen, aber dem
433 776 1367 820 „Gefühle des Musikers” gerecht werden durch Be¬
427 811 1370 851 nennung und Bezeichnung des Mollakkordes
427 852 1364 891 nach seinem Grundtone. Ob sie dabei die beiden
427 887 1374 931 Oettingenschen Zeichen + und 0 beibehalten und mit
431 931 1361 971 a+ den A dur-Akkord und mit a0 den A moll-Akkord be¬
429 961 1363 1007 zeichnen oder aber statt des von Oettingen der schärferen
427 1004 1369 1054 Unterscheidung der Typen wegen gewählten 0 das dem
434 1043 1368 1093 + (= positiv) usuell gegensätzliche – (= negativ) ver¬
428 1090 1371 1128 wenden (a– = A moll-Akkord), ist natürlich ganz be¬
431 1122 1368 1169 langlos; höchstens könnte man sagen, dass der Gebrauch
429 1163 1366 1211 des 0 in einem anderen Sinne als dem von Oettingen
427 1203 1360 1250 und mir eingeführten ohne Not Verwirrung veranlasst,
427 1245 1362 1287 die durch Wahl eines anderen Zeichens vermieden wird.
428 1286 1362 1325 Doch sind das Nebendinge. Jeder Erfinder einer neuen
425 1319 1369 1367 Bezifferung rechnet natürlich mit der Möglichkeit all¬
433 1364 1366 1412 gemeiner Annahme derselben; erfolgt dieselbe, so ge¬
434 1399 1366 1442 rät der abweichende Sinn, in welchem andere dieselben
436 1439 1370 1481 Zeichen vor ihm gebraucht haben, schnell in Vergessen¬
429 1477 1370 1523 heit. Nicht der Ausbau solcher neuen Bezifferungs¬
430 1522 1374 1564 systeme soll uns daher beschäftigen *), sondern lediglich
431 1562 1373 1602 die Frage, ob das Bedenken, welches den einen Theo¬
431 1596 1376 1640 retiker abhält, sich ganz und uneingeschränkt der
432 1643 1366 1683 dualistisch fundamentierten Theorie anzuschliessen, und
429 1682 1376 1730 den anderen zu nachträglicher Skepsis führt, ihn wanken
434 1722 1376 1761 und zuletzt abfallen macht, begründet ist oder nicht.
430 1758 1373 1803 Ich werde dazu etwas weit ausholen müssen, ohne als
436 1801 1370 1845 bekannt vorauszusetzen, was ich anderswo geschrieben
431 1840 1372 1881 habe; denn wenn z. B. Georg Capellen, „Die „musi¬
436 1881 1370 1923 kalische Akustik als Grundlage der Harmonik und
432 1918 1369 1963 Melodik” (1903) S. 54 Rameau noch unter die „Monisten”
515 2003 1376 2069 *) Ich denke hier z. B. an G. Capellens neue Bezifferung
442 2052 1374 2093 (M, L, R [Mittelklang, Linksklang, Rechtsklang] statt meines
432 2089 1378 2137 T, S, D), auch an Ansätze zu dergleichen bei A. J. Polak u. s. f.).
