1656 2561
1190 373 1264 438 17
304 467 1248 522 Vorgänge des musikalischen Hörens. Der Versuch
300 514 1247 569 Stumpfs, die beiden getrennten Gebiete durch eine Ton¬
301 551 1251 613 psychologie zu verbinden, kann bis jetzt nicht als
302 596 1250 649 gelungen bezeichnet werden. Denn die den Gegenstand
300 634 1248 683 der neuen Wissenschaft bildenden Ton-Urteile sind
302 670 1250 731 dem Gebiete der eigentlich musikalischen Hörvorgänge
302 723 1250 763 noch ungefähr ebenso fernstehend wie die Ergebnisse
300 765 1244 807 des ersten und zweiten Teils der „Lehre von den Ton¬
296 797 1251 841 empfindungen”. Dass das musikalische Hören auch
305 842 1253 882 bereits in seinen primitivsten Elementen ein aktives,
297 878 1249 920 auswählendes d. h. für manche Dinge des physischen
306 919 1257 963 Klanges geradezu ein Überhören, ein Nichthören
305 961 1249 1004 ist, hat Stumpf, haben alle Tonpsychologen viel zu
306 995 1251 1034 wenig beachtet; aber ohne diese Erkenntnis, ohne die
304 1037 1247 1078 fortgesetzte Würdigung dieser grundlegenden Tatsache
306 1074 1251 1115 ist von der physikalischen und physiologischen Akustik
302 1113 1248 1162 zu den Anfängen der Musik überhaupt nicht hinüber¬
303 1152 466 1200 zufinden!
378 1191 1257 1235 Stumpf hat den Versuch gemacht und hat ihn
302 1230 1259 1281 aufgegeben (die Fortsetzung der Tonpsychologie wird
305 1276 1251 1321 nicht erscheinen [1.—2. Bd. 1889, 1892]). Er ist von
300 1315 1255 1356 der Untersuchung der Einzelklänge und ihrer Unter¬
307 1353 1259 1394 scheidung zur Untersuchung von Zweiklängen und ihrer
309 1387 1256 1438 grösseren oder geringeren Verschmelzung fortgeschritten
300 1432 1254 1479 und hat dabei eine Stufenleiter von Verschmelzungs¬
300 1476 1256 1514 graden aufgestellt, welche ganz allmählich von den
310 1509 1252 1551 Konsonanzen zu Dissonanzen und Diskordanzen über¬
305 1544 1254 1589 führt, hat einen prinzipiellen Unterschied zwischen Kon¬
301 1597 1252 1636 sonanz und Dissonanz nicht gefunden und den Unter¬
305 1625 1249 1672 schied zwischen Dissonanz und (musikalisch sinnloser)
297 1664 1260 1710 Diskordanz ganz verwischt, hat also in Summa die
305 1707 1252 1749 Hauptfehler der Helmholtz’schen Fundamentierung der
306 1745 1256 1788 Musiktheorie durch Andersformulierung erneuert. Eine
312 1788 1254 1828 befriedigende Erklärung der Mollkonsonanz hat er
304 1828 1262 1877 so wenig gefunden wie Helmholtz, ist sogar überhaupt
303 1866 1252 1914 bis zum Akkordbegriff und zur prinzipiellen Scheidung
301 1903 1251 1948 von Dur und Moll nicht vorgedrungen. Denn die Defi¬
304 1945 1257 1999 nition, dass Zusammenklänge von mehr als
299 1995 1261 2034 zwei Tönen konsonant sind, wenn keins der
309 2021 1254 2071 durch je zwei derselben gebildeten Inter¬
310 2071 1258 2109 valle ein dissonantes ist, kann doch nur als Versuch
304 2105 1264 2158 einer negativen Umschreibung gelten; derselbe ergibt
