1672 2535
674 747 905 809 I. Einleitung.
390 828 1259 884 Laufende Arbeiten, die meine Zeit restlos in An¬
301 876 1262 923 spruch nahmen, haben mich verhindert, schon früher
301 907 1260 964 dem Drängen meiner Freunde zu willfahren und in
302 953 1260 1011 einer Spezialstudie die Frage zu behandeln, welche
299 991 1252 1048 den eigentlichen Kern der in meinen harmonietheo¬
301 1035 1249 1081 retischen Arbeiten vertretenen Reformen bedeutet. Aller¬
300 1067 1255 1125 dings glaubte ich, durch die Schlusskapitel meiner
302 1110 1262 1172 1898 erschienenen „Geschichte der Musiktheorie im
294 1147 1253 1204 9.—19. Jahrhundert” (S. 369—406 Kap. 13 „Zarlino
295 1196 1245 1250 und die Aufdeckung der dualen Natur der Harmonie”
294 1236 1252 1292 und S. 450—509 Kap. 15 „Musikalische Logik”) sowie
294 1274 1245 1325 schon durch den „Katechismus der Musikwissenschaft”
298 1308 1253 1361 (1891; besonders Kap. II „Tonkomplexe” [physiologisch-
300 1355 1252 1410 psychologisch und Kap. III „Tonvorstellungen”) und
294 1395 1244 1445 neuestens durch die „Elemente der musikalischen Ästhetik”
293 1427 1251 1487 (1900; S. 83 ff. besonders S. 103) die Geschichte und
292 1476 1257 1515 die naturwissenschaftliche, logische und ästhetische Be¬
296 1510 1252 1563 gründung des harmonischen Dualismus mit genügender
294 1554 1248 1604 Ausführlichkeit behandelt zu haben, um den zufolge
291 1588 1250 1638 Gewöhnung an die herkömmlichen Begriffe des General¬
293 1630 1246 1685 basses sich regenden Bedenken gegen die neuen Formu¬
294 1670 1244 1726 lierungen der Satzlehre zu begegnen, und die schnelle
291 1705 1252 1773 Verbreitung meiner Bücher (auch in fremdsprachigen
294 1748 1244 1810 Ausgaben) schien die Berechtigung dieser Annahme
285 1789 1243 1852 darzutun. Wenn nun aber dennoch gerade aus dem
285 1829 1247 1891 Kreise der speziellen Freunde meiner Reform der
289 1868 1240 1924 Harmonielehrmethode immer wieder an mich die Auf¬
289 1908 1243 1974 forderung ergeht, die ersten Prinzipienfragen einmal in
281 1956 1249 2011 einer ausführlichen Darstellung zu erörtern, so erscheint
279 1994 1239 2055 es doch, dass da noch ein Prellstein im Wege steht,
279 2027 1243 2091 den ich nicht hinlänglich belichtet habe, um Unfälle
281 2068 500 2115 zu verhüten.
