1662 2544
1155 302 1249 405 25
270 421 1242 490 rung des Konsonanzbegriffes führen, aus
274 483 1238 522 dem einfachen Grunde, weil die Ursachen, welche bis
283 516 1243 573 jetzt zur Verleugnung der direkten Beziehbarkeit dieser
279 555 1243 610 entfernteren Primzahlen entsprechenden Töne der Reihen
278 600 1238 643 auf die Prim Anlass gegeben haben, auch fernerhin
282 636 1243 681 ihre zwingende Kraft geltend machen werden. Der
285 675 1237 721 Grund ist die Möglichkeit der Deutung dieser
281 713 1237 767 Töne im Sinne anders bezogener, mit denen
273 754 1233 800 sie annähernd der Tonhöhe nach zusammen¬
277 792 1239 842 fallen. Der 7. Ton der Oberreihe entspricht annähernd
280 839 1240 881 dem 9. der Unterreihe (2. Unterquint), der Ton 11 der
284 874 1236 924 Oberreihe dem Tone 3 der Unterreihe (1. Unterquint),
287 911 1243 959 der Ton 13 der Oberreihe dem Tone 5 der Unterreihe
279 956 1239 1007 (Unterterz); desgleichen entspricht der Ton 7 der Unter¬
276 989 1244 1042 reihe dem Tone 9 der Oberreihe, der Ton 11 der Unter¬
281 1027 1241 1080 reihe dem Tone 3 der Oberreihe und der Ton 11 der
283 1070 1243 1119 Unterreihe dem Tone 5 der Oberreihe. Der scheinbar
277 1116 1243 1158 weite Abstand des hier mit in Frage kommenden
290 1153 1244 1201 Tones 9 von der 1 wird in beiden Fällen dadurch
283 1194 1246 1240 reduziert, dass derselbe nicht bei der Tonika, sondern
279 1236 1241 1282 bei einer der Dominanten erfahrungsmässig seine Haupt¬
287 1274 1243 1325 rolle spielt; z. B. hat c e g b den Sinn einer Dominant¬
283 1305 1246 1361 harmonie, deren Tonika der F dur-Akkord ist. Der bei
280 1356 1247 1398 dem C dur-Akkorde auftretende Ton b ist zwar tatsäch¬
288 1394 1248 1444 lich der 9. Unterton von c, aber nur der 3. von f, dem
282 1431 1247 1481 eigentlichen Zentraltone. Ebenso entspricht die beim
280 1475 1243 1518 c moll-Akkorde auftretende Unterseptime a dem 9. Ober¬
283 1506 1247 1556 tone von g; aber da der Akkord speziell nach g moll
279 1551 1244 1606 gehört, so ist dieses zwei Quinten von g abliegende a
286 1595 1246 1642 nur der 3. Oberton der Tonika-Prim d. Die beiden
277 1636 1243 1683 andern Beispiele sind entsprechend zu beurteilen, aber
283 1679 1242 1723 viel leichter verständlich, weil sie eine entferntere Be¬
282 1706 1249 1754 ziehung durch eine nähere der andern Seite ersetzen
287 1750 699 1802 (3 statt 11, 5 statt 13).
368 1781 1241 1836 Fassen wir die bisherigen Ergebnisse unserer Schluss¬
284 1829 1242 1877 kette noch einmal kurz zusammen, so können wir sagen:
284 1872 1241 1914 Es gibt zwei Arten der Verwandtschaft, der
287 1908 1245 1966 Vereinbarkeit von Tönen, der Bezogenheit von Ton¬
281 1951 963 2011 komplexen auf einem Einigungspunkt:
323 1992 1242 2049 a) die Reihe der einfachen Vielfachen be¬
368 2026 1254 2095 züglich der Schwingungszahlen (Ober¬
364 2072 491 2130 reihe),
