1662 2544
1107 249 1213 403 27
243 418 1215 499 in Mittelstellung zwischen Einzelton und Klang anzu¬
253 472 1222 537 nehmen. Die Konsonanz der Intervalle be¬
255 510 1226 576 ruht in der Zusammengehörigkeit zum
264 552 1212 620 Klange und es hat daher auch gar keinen Wert,
256 589 1217 653 mehrere Stufen der Konsonanz für die verschie¬
259 633 1223 692 denen Intervalle zu unterscheiden, welche die zu einem
257 676 1217 741 Klange gehörigen Töne bilden können; natürlich kann
260 712 1216 771 man aber wohl von einer deutlichern oder minder deut¬
261 750 1227 814 lichen Repräsentation des Klanges durch nur einen oder
254 796 1217 851 zwei der konstituierenden Töne reden. Seit der Er¬
259 826 1211 895 kenntnis des Klangbegriffs redet man von Klang¬
261 869 1220 938 vertretung und das musikalische Gemeingefühl hat
260 908 1233 973 sich schon seit Jahrhunderten gewöhnt, Einzeltöne
255 948 1231 1019 als Elemente von Akkorden anzusehen. Diese
260 988 1231 1050 „Auffassung im Sinne der Klangvertretung” kennt aber
266 1028 1225 1095 keinen andern Akkord, der durch Töne oder Intervalle
261 1069 1225 1129 „vertreten” werden könnte, als den Durakkord und
264 1104 1229 1167 Mollakkord. Denn wenn man z. B. sagt, dass in C dur
263 1146 1226 1211 f als Dominantseptime gehört werden kann, so heisst
269 1191 1234 1246 das doch nur, dass f gehört wird als Zusatzton zum
270 1231 1220 1286 G dur-Akkord (g h d f). Niemanden wird es aber ein¬
267 1267 1230 1325 fallen, zu verlangen, dass g oder h in einer einstimmigen
273 1311 1230 1369 C dur-Melodie als Vertreter des Dominantseptimen¬
264 1351 1236 1404 akkords g h d f gehört wird; nur f selbst kann als
266 1388 1229 1443 solcher wirken. Ebenso kann d in C dur bald als
269 1435 1226 1483 Quinte des G dur-Akkords, bald als Sexte beim F dur-
263 1482 1238 1530 Akkord zu verstehen sein, also als Zusatzton zu
265 1522 1237 1563 einem Akkord, der gar nicht selbst erklingt. Diese
269 1556 1232 1608 Tatsachen sind längst bekannt; ihre Erklärung würde
273 1601 1236 1649 hier zu weit führen.*) Ich führe sie nur an, um zu
350 1669 1230 1732 *) Auch darauf kann ich hier nicht näher eingehen,
272 1724 1229 1768 warum die Aufstellung von Doppelklängen seitens der neuen
280 1757 1227 1802 „Monisten” (Capellen, Polak) ein Rückschritt ist. Man schlage
270 1787 1227 1830 meine Dissertation (1873) und meine „Musikalische Syntaxis”
278 1811 1231 1861 (1877) auf und man wird finden, dass ich mich da noch mit
276 1854 1237 1897 Doppelklängen mühselig herumschlage (z. B. c e gis als ein
271 1887 1232 1928 Stück A moll-Akkord und ein Stück E dur-Akkord, c e g h als
270 1920 1231 1963 C dur-Akkord mit einem Stück G dur-Akkord u. s. w.). Das
273 1949 1237 1994 Aufgeben von Akkorden, in denen zwei Harmonievertretungen
276 1982 1237 2028 koordiniert wären, an deren Stelle ich seit der „Skizze einer
276 2015 1233 2055 neuen Methode der Harmonielehre” (1880) vielmehr die abso¬
272 2048 1233 2094 lute Unterordnung der einen Klangvertretung unter
273 2083 1237 2136 die andere und ihre Qualifizierung als (dissonante) Stufen
