1658 2533
501 315 598 377 18
514 409 1467 488 eine grosse Zahl möglicher Kombinationen, die man wohl
511 453 1475 533 mit Hilfe unserer gewohnten Begriffe in Durakkorde und
513 491 1467 568 Mollakkorde auseinander sortieren kann, doch ohne
502 541 1461 605 eigentlich zu begreifen, warum. Beiläufig habe ich vor
503 581 1463 653 einigen Jahren durch eine höchst unbequeme Querfrage
500 612 1465 684 Stumpf in grosse Verlegenheit gebracht (Musikerkalender
513 653 1459 723 1898), nämlich die Frage, warum uns auf einem tempe¬
499 703 1458 768 riert gestimmten Klaviere der übermässige Drei¬
497 731 1463 818 klang c e gis (as) als Dissonanz erscheint, obgleich
499 774 913 834 doch die drei Tonpaare
492 878 1448 964 als konsonant verstanden werden. Stumpfs Ausflucht,
496 924 1449 1008 dass man doch unmöglich vom Ohre verlangen könne,
498 962 1455 1050 dass es denselben Ton in demselben Zusammenklange
488 1013 1451 1084 als gis und als as höre, ist natürlich zurückzuweisen,
498 1045 1441 1125 da dieselbe sich auf Begriffe stützt, mit denen zu ope¬
496 1083 1445 1154 rieren er nach seinen bisherigen Aufweisen eben noch kein
489 1125 1447 1203 Recht hat. Die Tatsache, dass das Ohr jedem der drei
490 1165 1438 1238 Zweiklänge willig Konsonanz zuspricht (trotz der tem¬
483 1214 1451 1285 perierten Stimmung!), ihre Verbindung zum Dreiklange
484 1253 1448 1312 aber ganz entschieden als Dissonanz qualifiziert, ist
486 1296 1443 1351 eben von der blossen Untersuchung der Zweiklänge aus
489 1329 1438 1402 überhaupt nicht zu erklären. Ich habe aber bereits
477 1376 1440 1439 seit dem Erscheinen des zweiten Bandes der Ton¬
483 1415 1440 1479 psychologie Stumpf vorausgesagt, dass derselbe nie¬
477 1458 1442 1515 mals zu einem befriedigenden Schlussresultat kommen
483 1488 1431 1562 könne, wenn er nicht beizeiten von der Untersuchung
481 1530 1431 1587 von Zweiklängen zur Fundamentierung des har¬
484 1570 1426 1635 monischen Hörens durch Dreiklänge fort
478 1615 1427 1674 schreite; meine Prophezeiung, dass er auf dem ein¬
471 1656 1433 1713 geschlagenen Wege nicht weiter kommen könne, hat
477 1698 1147 1747 sich in vollem Umfange bewahrheitet.
557 1735 1428 1801 Ich will meine Darstellung nicht unnötig in die
478 1776 1438 1845 Breite ziehen, sondern kurz und gut sagen, dass es ein
475 1818 1431 1877 Hören von Tönen im Sinne von Intervallen
478 1858 1425 1916 (Zweiklängen) überhaupt gar nicht gibt, dass da¬
471 1907 1429 1966 gegen ein Hören im Sinne von Dreiklängen
467 1947 1425 1998 das A und Ω aller Musik ist. Auch die absolut
463 1984 1430 2043 einstimmige Melodie hört zweifellos der Hörer von
461 2024 1422 2082 heute, wahrscheinlich aber der Hörer aller Zeiten
461 2059 1422 2130 im Sinne von Harmonien (Tonkomplexen).
