1648 2567
1189 362 1243 409 13
274 444 1239 490 sind) existiert nicht ..... der tonische Grundton
279 482 1239 530 ist nur ein virtueller, der phonische Oberton ein
276 523 576 577 reeller Klang”.
362 565 1242 611 Es leuchtet ein, dass die somit auch schon von
282 596 1235 649 Oettingen als notwendig erkannte Emanzipation
277 641 1242 691 der Konsonanzlehre von den realen Ober¬
281 687 1236 734 tönen in der Tat ganz unerlässlich ist, wenn man
274 732 1230 775 solchen Kreisschlüssen entrinnen will. Denn nicht genug,
282 770 1239 818 dass der phonische Oberton g2 für c es g durch seine
279 810 1241 859 Ableitung aus den Obertonreihen von c, es (und g) doch
277 849 1235 887 tatsächlich schon dem Akkord zwei oder drei eigent¬
280 883 1229 932 liche Grundtöne gibt — nun kommt dazu auch noch
281 923 1238 970 der tonische Grundton 2As, der Ton 1, von welchem
279 970 1239 1012 alle drei Töne Obertöne (10. 12. und 15.) sind, als
284 1013 1236 1054 vierter recht eigentlicher Grundton, wenn
278 1052 1235 1091 auch nur „virtuell” (der aber als Kombinationston
277 1083 1239 1130 bei reiner Stimmung der Intervalle doch ebenfalls
281 1128 1235 1173 eine unangenehme Realität gewinnen kann). So hübsch
280 1171 1183 1217 daher bei Oettingen die Gegenüberstellung aussieht
275 1308 1234 1347 sie beruht auf Trugschlüssen, so lange sie mit der
282 1348 1231 1394 realen Existenz der Obertöne als eigentlichem Beweis¬
278 1388 1230 1428 mittel der Beziehungen der Töne rechnet. Der Gedanke,
276 1426 1234 1472 ernstlich auch die Konsonanz des Mollakkords einfach
280 1467 1238 1507 aus der Obertonreihe ableiten zu wollen, nämlich mit
282 1505 1232 1546 Ignorierung des „tonischen” Grundtones (C) aus der
284 1546 1240 1595 Koexistenz der Töne 3, 5 und 15 (g e′ h2), ist natürlich
283 1585 1230 1636 durchaus abzuweisen, da ja mit derselben Evidenz sich
281 1627 1237 1667 auch die Konsonanz der folgenden Tonkombinationen
280 1667 790 1715 dann würde beweisen lassen:
274 1717 1234 1768 e′ (5) .. g′(6) .. *b′ (7) = verminderter Dreiklang mit
730 1757 1236 1803 dem zu tiefen 7. Partialtone,
272 1795 1240 1843 g′ (6) .. *b′ (7) .. d2 (9) = ein Mollakkord mit zu tiefer
733 1835 947 1876 kleiner Terz
271 1868 1232 1930 *b′ (7) .. d2 (9) .. *fis2 (11) = ein übermässiger Dreiklang,
731 1915 1241 1971 der aus einer zu grossen Terz
735 1954 1242 2010 (7:9) und einer zu grossen
738 1991 1132 2051 Quinte (7:11) besteht.
273 2038 1233 2095 Überhaupt ergäbe sich aber die Konsonanz aller be¬
276 2084 1246 2131 liebigen Kombinationen von drei oder auch vier und
