1654 2538
1181 356 1255 421 15
297 479 1209 547 III. Intervallverschmelzung oder Klangvertretung?
363 555 1246 612 Wir verdanken also Stumpf die Emanzipation
275 601 1235 647 der Musiktheorie von den akustischen Phä¬
274 647 1236 687 nomenen. Die real existierenden Obertöne sind nicht
269 685 1234 731 der Grund der Konsonanz, sondern sie sind nur ein
270 724 1235 778 Hinweis auf einen viel allgemeineren Zu¬
272 763 1232 818 sammenhang der Töne unter einander durch
272 803 1232 852 die Kommensurabilität der Entstehungs¬
273 848 1236 891 und Verlaufsbedingungen der sie hervor¬
268 883 1228 932 bringenden Schwingungen elastischer Körper
267 926 1234 977 und der durch sie bewirkten Funktionen der sie
263 964 1229 1022 apperzipierenden Organe des menschlichen
263 1002 1232 1062 Gehörs. Welcher Art die letzten Umsetzungsformen
260 1043 1225 1095 der Tonschwingungen in Affektionen des Zentralorgans
263 1082 1227 1135 sein mögen, wird sich wohl ewig dem wissenschaft¬
262 1121 1231 1178 lichen Nachweise entziehen; zum mindesten kann heute
263 1164 1234 1220 von irgend welcher bestimmten Angabe darüber noch gar
256 1205 1225 1255 nicht die Rede sein. Wenn nun auch die Brücke von den
265 1244 1229 1291 nach ihrer mechanischen Abhängigkeit von den Schall¬
264 1279 1226 1334 bewegungen wohlverständlichen Apparaten des äusseren
255 1316 1218 1372 Ohres (Trommelfell, Gehörknöchelchen, zu den Tonvor¬
255 1360 1225 1412 stellungen bei dem gegenwärtigen Stande der Wissen¬
253 1396 1219 1449 schaft im Dunkel liegt (ob Helmholtz’ Deutung der Funk¬
254 1430 1226 1496 tionen der Membrana basilaris richtig ist oder nicht, ändert
253 1477 1226 1533 nicht viel an der Sachlage), die Abhängigkeit der
257 1511 1224 1585 Tonvorstellungen von den Tonschwingungen
248 1555 1212 1614 steht ausser Zweifel und liegt derart klar zu Tage, dass
254 1594 1219 1660 von erstern aus letztere bestimmte Schlüsse gemacht
254 1635 1214 1699 werden können. Aber — und damit stehen wir an der wich¬
254 1670 1219 1738 tigen Schwelle, welche vom physischen oder physikalischen
250 1708 1215 1778 Hören zum musikalischen Hören überführt: die Ab¬
250 1747 1220 1814 hängigkeit der Tonvorstellungen von den
242 1787 1209 1865 Tonschwingungen ist nicht eine absolute,
241 1827 1209 1903 derart, dass alle bei eingehender Einzeluntersuchung nach¬
249 1872 1209 1944 weisbaren Elemente der das Ohr treffenden Klänge
244 1907 1213 1983 bestimmenden Einfluss auf die Gestaltung und Verket¬
234 1950 1215 2019 tung der Tonvorstellung gewännen, sondern sie ist
236 1987 1209 2061 beschränkt durch eine auswählende und
226 2033 1205 2105 ordnende Tätigkeit des die einander folgenden
232 2076 1210 2147 oder zugleich angegebenen Töne mit einander ver¬
