1659 2550
1148 338 1208 418 29
249 447 1201 512 Membrana basilaris treffenden Schallwellen (i. m. Disser¬
249 493 1208 548 tation 1873), über die behauptete objektive
246 529 1202 597 Existenz derselben (1875) bis zum Nachweise der
257 561 1202 630 trotz mehrfacher Erzeugung jedes Tons der
254 601 1207 666 Untertonreihe durch den faktisch erklingenden
250 642 1204 707 Ton (gemäss seiner Ordnungszahl 2, 3, 4 und mehrfach)
251 682 1201 745 durch Interferenz erfolgenden Vernichtung
255 721 1211 789 derselben (Katechismus der Akustik 1891) habe ich
255 763 1206 827 dauernd mit den akustischen Phänomenen als Grund
257 802 1208 867 der Konsonanz gerungen, bis mir endlich in Stumpfs
254 841 1205 906 Tonpsychologie der wenigstens mich (nicht auch Stumpf
254 892 1217 946 selbst) befreiende Satz einleuchtete, dass wir von dem
257 928 1214 981 Versuche einer Begründung der Konsonanz
254 970 1210 1028 durch die Obertöne und Kombinationstöne
258 1011 1210 1065 Abstand nehmen müssen. Hat man die erlösende
258 1042 1207 1107 Bedeutung dieses Kardinalsatzes in seiner ganzen Trag¬
260 1084 1220 1143 weite begriffen, so steht man aber nach wie vor vor der
263 1123 1206 1187 Notwendigkeit, mit der durch kein Raison¬
259 1167 1207 1223 nement wegzuleugnenden objektiven Exi¬
260 1206 1217 1272 stenz der Beitöne dieser Kategorien zu
256 1248 1216 1307 rechnen, sich mit ihnen abzufinden. Wenn
263 1282 1223 1348 auch die Obertöne und Kombinationstöne ganz gewiss
264 1322 1222 1386 nicht die Ursache der Konsonanz sind, so steht doch
262 1363 1218 1429 ausser Frage, dass sie durch ihre manchmal
262 1415 1214 1462 recht beträchtliche Stärke sich derart be¬
259 1444 1216 1508 merklich machen, dass man gezwungen ist
265 1481 1213 1553 (besonders für die mehrstimmige Musik)
264 1525 1216 1583 mit ihm zu rechnen. Dabei stellt sich heraus,
261 1562 1223 1618 dass sie in manchen Fällen für das musi¬
263 1610 1216 1666 kalische Hören auch eine nicht gering an¬
266 1644 1224 1699 zuschlagende Unterstützung bedeuten und auf
269 1692 1226 1741 alle Fälle an der Klangfülle und Klangfarbe einen ganz
269 1735 1217 1779 bedeutenden Anteil haben. Besonders können die Ober¬
260 1775 1209 1823 töne durch ihre effektive Stärke für den mehr¬
263 1806 1227 1864 stimmigen Satz eine Bedeutung erlangen, welche es
259 1851 1220 1900 nicht nur unmöglich macht, sie wegzuhören, sondern so¬
264 1887 1226 1943 gar zwingt, ihre Existenz für den Tonsatz selbst in
271 1931 1222 1980 Rechnung zu ziehen, für die Regelstellungen der
271 1976 1223 2025 Stimmführung auf sie zu reflektieren. Besonders
265 2004 1224 2064 sind es zwei Erfahrungen des praktischen Tonsatzes, die
263 2055 1221 2102 mit Fingern auf die real existierenden Obertöne hin¬
275 2098 1230 2141 weisen: 1. die hässlichen Wirkungen soge¬
