1658 2538
525 301 616 368 22
523 528 1484 591 und die seit Zarlino übliche Heranziehung der Reihe
523 559 1480 635 der einfachen Brüche (Gegenüberstellung der harmo¬
520 605 1475 676 nischen und arithmetischen Teilung) kann als nur die
529 636 1478 717 Tatsache absolut gleicher Einfachheit und Ursprünglich¬
521 673 1482 761 keit beider Reihen verdunkelnd künftig ein für allemal
522 716 741 768 unterbleiben.
603 752 1470 839 Weiter ist nun aber zu bemerken, dass nur die
463 774 1477 869 Mehrstimmigkeit das dem Musiker von heute
466 847 1463 916 naheliegende Bedürfnis eingebürgert hat,
512 884 1468 957 alle Zusammenklänge von unten herauf sich
508 930 1463 993 aufbauend vorzustellen. Ja für die ersten Jahr¬
509 958 1464 1033 hunderte der Übung mehrstimmiger Musik (9.—11. Jahr¬
509 996 1463 1081 hundert) ist sogar noch die umgekehrte Art der Vor¬
505 1044 1467 1114 stellung das gewöhnliche; das ältere „Organum” be¬
502 1080 1458 1147 wegt sich prinzipiell unterhalb der Hauptstimme
503 1118 1463 1191 und erst das Zeitalter des Déchant bringt allmählich
499 1163 1463 1228 die andere Auffassungsweise. (Auch der Fauxbourdon
498 1201 1453 1275 wird noch im 15. Jahrhundert in Unterterzen vor¬
503 1236 1458 1309 gestellt.) Für homophone, d. h. absolut ein¬
496 1280 1458 1355 stimmige Musik kann aber von einem solchen
498 1313 1458 1392 Begriff überhaupt gar nicht die Rede sein und auch
495 1360 1449 1432 für heute muss konstatiert werden, dass der Sänger
490 1395 1456 1477 jedes beliebige Intervall von oben nach unten genau
490 1445 1451 1508 ebenso leicht vorstellt wie von unten nach oben (dass
493 1483 1452 1554 er erstere sogar durchschnittlich leichter singen kann,
493 1515 1448 1587 hat freilich einen andern Grund). Wenn wir heute ge¬
493 1563 1446 1630 wöhnlich die Intervalle von unten nach oben zählen,
489 1598 1449 1674 so ist das doch durchaus keine natürliche Notwendigkeit
484 1641 1440 1704 und z. B. die Araber verfuhren im 14. Jahrhundert und
480 1684 1445 1745 wohl noch viel früher umgekehrt, d. h. sie entwickelten
480 1715 1436 1788 die Reihe der Intervalle (fortschreitend von der Oktave
481 1763 1440 1835 zu immer kleineren und komplizierteren) an der Teilung
478 1796 1012 1864 der Saite in 12 gleiche Teile:
475 1997 1436 2070 Auch den Griechen schien die absteigende Ordnung
468 2033 1427 2112 der Tonverhältnisse das entschieden natürlichere und
