1656 2561
443 306 543 418 16
442 421 1403 505 gleichenden apperzipierenden Geistes. Denn das musi¬
445 476 1399 540 kalische Hören ist selbst bei dem nicht durch fach¬
443 518 1405 587 männische Schulung oder durch Gewöhnung speziell
438 556 1389 623 gebildeten Hörer nicht nur ein physisches Er¬
440 594 1403 659 leiden, sondern eine psychische Aktivität, ein
438 628 1393 700 fortgesetztes Vergleichen und Verknüpfen der
442 679 1396 746 einander folgenden Töne und Zusammenklänge. Darin
445 714 1393 778 allein liegt die Erklärung dafür, dass die effektive
441 755 1396 816 akustische Stimmung eines Intervalls, durchaus nicht
440 787 1391 866 die Auffassung desselben in dem durch diese Stimmung
442 833 1398 904 bedingten Sinne zu erzwingen vermag, dass vielmehr der
447 877 1398 940 „musikalische Zusammenhang”, die Beziehungen der
448 909 1394 983 Töne auf einander nach Prinzipien grösster Einfach¬
439 949 1388 1022 heit, möglichster „Ökonomie” des Vorstellens
434 997 1393 1054 entscheiden. Die real hervorgebrachten Klänge sind für
437 1032 1383 1093 das musikalische Hören schliesslich nur eine Art Roh¬
438 1082 1391 1135 material, ein grober Stoff, aus welchem der vorstellende
435 1111 1383 1177 Geist in allerdings beschränkter aber nicht absoluter
436 1154 1379 1217 Abhängigkeit die Gebilde formt, an denen er sich er¬
434 1189 1381 1254 freut. Darin, dass das musikalische Hören tat¬
430 1233 1390 1300 sächlich fortgesetzt ein auswählendes, Ordnung
430 1282 1384 1341 und Konsequenz aufsuchendes, psychisch-
427 1320 1386 1383 aktives und nicht ein physisch-passives ist, liegt
427 1359 1383 1404 allein die Erklärung, wie dasselbe sich mit (tempe¬
434 1393 1383 1454 rierten) Annäherungswerten statt der absolut reinen
429 1435 1384 1501 Intonationen abfindet und wie es im stande ist, nicht
430 1476 1384 1530 in der künstlerischen Absicht liegende aber durch die
430 1513 1383 1583 Natur der Klänge unserer Musikinstrumente bedingte
432 1553 1386 1610 Beitöne von manchmal sehr beträchtlicher Stärke zu
431 1596 1266 1651 überhören, vollständig zu ignorieren.
510 1636 1386 1695 Die Erkenntnis, dass das musikalische Hören nicht
426 1674 1377 1739 ein passives, sondern ein aktives ist, schlägt aber zu¬
429 1720 1375 1775 gleich die Brücke von den physiologischen Unter¬
423 1764 1379 1808 suchungen herüber zu den Tatsachen des eigentlichen
428 1798 1386 1850 musikalischen Hörens. Jeder, der sich mit dieser
429 1838 1382 1897 Frage überhaupt beschäftigt hat, kennt die gähnende
427 1877 1375 1934 Kluft zwischen der 2. und der 3. Abteilung von Helm¬
425 1918 1381 1969 holtz’ „Lehre von den Tonempfindungen” dort Beob¬
423 1960 1385 2018 achtungen objektiver Vorgänge auf dem Gebiete der
427 2002 1383 2060 physikalischen und physiologischen Akustik, hier die
422 2040 1387 2095 Beschäftigung mit den Problemen der durchaus auf
417 2089 1385 2148 psychologisch-ästhetischem Gebiete sich abspielenden
