1665 2550
450 364 482 411 6
446 435 1398 493 liche Ursache der Konsonanz entdeckt zu haben
454 484 1400 534 glaubte. Bekanntlich war Rameau (gleichviel ob mit
447 532 1398 580 oder ohne Kenntnis der Nachweise Sauveurs) derjenige,
447 571 1400 621 welcher die von ihm allein als neben dem Grundtone (1)
450 604 1397 660 hörbar behaupteten Obertöne 3 und 5 (Quinte der Oktav
448 652 1399 699 und Terz der Doppeloktav) zur Grundlage eines neuen
450 683 1402 737 Systems der Harmonielehre machte, indem er den Grund¬
444 722 1397 778 ton als den Erzeuger (générateur) des Quinttones
448 763 1397 818 (douzième) und Terztones (dix-septième) ansah. Heute
449 808 1400 850 wissen wir freilich, dass von einem Erzeugen der höheren
448 843 1392 899 Töne durch den tiefsten zu reden, eine durchaus dilet¬
443 882 1396 933 tantische Ausdrucksweise ist, welche den tatsächlichen
447 923 1394 973 physisch-mechanischen Vorgängen durchaus nicht ent¬
444 962 1402 1011 spricht. Der Grundton sogut, wie die Obertöne und
437 1006 1400 1054 zwar nicht nur der 3. und 5., sondern alle die von
440 1039 1400 1090 Sauveur aufgewiesenen der natürlichen Zahlenreihe bis
443 1084 1396 1131 an die Grenze des Tongebietes entsprechenden Töne
439 1405 1398 1460 werden vielmehr gleichzeitig durch den Anschlag
435 1435 1396 1496 des Hammers, das Anreissen mit dem Finger oder
435 1481 1394 1533 einem Plektrum, durch den Angriff des Bogens u. s. w.
441 1518 1398 1572 hervorgebracht und zwar je nach der Anschlagstelle in
442 1564 1398 1618 verschiedener relativen Stärke; nur ist im allgemeinen
439 1596 1390 1653 der tiefste der stärkste der Teiltöne. Wohl vermögen
442 1635 1390 1694 dagegen mehrere gleichzeitig angegebene Einzeltöne
440 1677 1394 1726 der Reihe den Grundton zu erzeugen (als Kom¬
433 1717 1386 1763 binationston). Auch auf den Blasinstrumenten
436 1755 1395 1810 kann von einem Hervorgehen der höheren Töne aus
435 1801 1398 1845 dem Grundtone nicht gesprochen werden; wohl aber
434 1834 1388 1893 kann durch die Art des Anblasens bewirkt werden,
436 1877 1388 1925 dass einer der höheren Töne vollständig Hauptton
439 1923 1392 1966 wird und nur mehr seine eigene Oberreihe über sich
436 1960 1393 2011 hat, während alle anderen Töne der Reihe vollständig
440 2001 1392 2052 verschwinden. Der „son générateur” Rameaus ist also
433 2039 1399 2084 zunächst gänzlich aus dem Spiele zu lassen, und es
435 2082 1396 2142 kann nur insofern von einer zusammengehörigen
