1656 2562
1201 377 1264 421 35
299 441 1255 508 und nicht erst längere Zeit sich auf Dur zu beschränken.
306 495 1258 548 Es muss von vornherein jeder Schein ver¬
306 546 1251 587 mieden werden, dass Moll auf irgend welche
306 574 1262 626 Weise von Dur abgeleitet wäre, durch Um¬
296 620 1254 667 kehrung der Verhältnisse von Dur zu er¬
296 661 532 715 klären sei.
379 690 1256 748 Nicht ganz verständlich ist mir, wie mehrere meiner
299 737 1262 786 Theorie näher stehende Männer in der Einführung
298 773 1258 828 der Funktionsbezeichnung (T S D etc.) etwas
302 826 1247 873 wie einen Rückzug vom Boden des harmo¬
299 855 1258 904 nischen Dualismus haben erblicken können. In
304 902 1252 947 dem von W. Hutschenruyter in Amsterdam herausge¬
301 941 1258 986 gebenen „Orgaan van de Vereeniging van Muziek-
304 971 1258 1024 Onderwijzers” (15. Okt. 1904) hat Ary Belinfante
299 1020 1250 1064 in einem Aufsatze „De leer der tonalen functien in con¬
300 1059 1252 1107 flict met die der polaire tegenstelling” die Behauptung
299 1094 1258 1146 aufgestellt, dass die Lehre von den Funktionen tatsächlich
302 1144 1248 1183 einen Widerruf der Polarität von Dur und Moll bedeute,
296 1171 1250 1220 und bedauert, dass ich „zu einem ehrlichen Widerruf
295 1215 1252 1261 nicht die Kraft besessen habe”. Ich habe keinerlei
303 1248 1264 1301 Grund, hier näher auf die schwächliche Logik einzu¬
302 1296 1257 1348 gehen, mit welcher Herr Belinfante einen Widerspruch
295 1340 1261 1379 zwischen der Funktionsbezeichnung und der dualen
298 1374 1267 1422 Begründung der Harmonie entdeckt zu haben glaubt
298 1413 1259 1459 und meine Sinnesänderung nachzuweisen versucht. Es
297 1459 1264 1507 genüge zu versichern, dass ich noch durchaus
293 1500 1250 1542 auf dem alten Boden stehe, und dass die Ein¬
296 1535 1257 1584 arbeitung der Funktionsbezeichnung in Neuauflagen
295 1573 1252 1618 älterer Bücher („Handbuch der Harmonielehre”, „Kate¬
300 1615 1255 1657 chismus des Generalbassspiels”, „Kleine Kompositions¬
299 1653 1252 1701 lehre”) zu keinerlei weiteren Textänderungen Anlass ge¬
298 1694 1255 1739 geben hat als einer selbstverständlich unentbehrlichen
297 1734 1251 1776 Erklärung der neuen Zeichen. Wenn Herr Belinfante
298 1774 1253 1820 Widersprüche gefunden hat, so beruhen dieselben auf
293 1810 1253 1866 gänzlichem Missverstehen meiner Ausführungen. Nach
292 1847 1247 1905 seiner (und vielleicht auch noch einiger anderen Herren)
295 1893 1250 1944 Ansicht hätte ich, wenn ich „konsequent” geblieben
297 1931 1251 1978 wäre, in A moll den D moll-Akkord Dominante und den
301 1975 1252 2023 E moll-Akkord Subdominante nennen und daher die
297 2016 1254 2058 Zeichen S und D in Moll in umgekehrtem Sinne an¬
299 2052 1252 2098 wenden müssen als in Dur. Herr Belinfante übersieht
298 2093 1251 2151 dabei ganz, dass doch wohl ganz derselbe Grund für
