1648 2567
478 342 558 403 12
486 429 1436 486 theoretischen Schriften noch zu spüren ist. Doch
484 479 1434 528 hat Oettingen selbst schon anderweit in bestimmtester
482 517 1429 561 Weise (S. 46) auf die Notwendigkeit einer Verall¬
485 560 1430 609 gemeinerung des Prinzips der Verwandt¬
486 600 1434 648 schaft der Klänge hingewiesen und betont, dass
485 637 1426 684 dasselbe „nicht von der reellen Existenz der
489 677 1434 722 Obertöne abhängig sei”; er hat uns selbst den
484 716 1427 765 Weg gewiesen, der aus diesem Labyrinth herausführt,
477 758 1422 810 nämlich durch seine diejenige Helmholtzs siegreich
478 802 1432 845 aus dem Felde schlagende Definition der Dissonanz
479 836 1428 883 (S. 228): „Dissonanz ist das gleichzeitige Be¬
483 884 1426 931 stehen zweier oder mehrerer Klänge (das
484 915 1430 957 Wort Klang nicht als einzelner Ton, sondern im Sinne
478 955 1428 1004 der Klangvertretung gefasst)”. Leider hat er nur
473 995 1426 1046 den Circulus vitiosus übersehen, der in seiner Ableitung
477 1034 1424 1077 der Untertonreihe aus gemeinsamen Ober¬
480 1074 1424 1124 tönen liegt; nach seiner eigenen Aufweisung müsste
480 1115 1416 1164 ja doch auch der Mollakkord als „Zugleichbestehen
474 1154 1418 1196 zweier (oder gar dreier) Klänge Dissonanz sein, was er
467 1194 1422 1243 zwar in der Tat für besondere Fälle höchst zutreffend
468 1229 1420 1287 statuiert (für die „Nebendreiklänge”), aber im Prinzip
474 1273 1422 1322 (für die Moll-Hauptklänge) doch in Abrede stellt. Sein
476 1303 1420 1362 Kardinalsatz (S. 45): „Der Durakkord ist tonisch
475 1351 1415 1402 konsonant und phonisch dissonant; der Moll¬
470 1395 1424 1443 akkord ist phonisch konsonant und tonisch
476 1431 1415 1479 dissonant”, der in nuce meine gesamte Harmonie¬
473 1472 1419 1525 lehrmethode enthält (nämlich die Fundamentierung der
470 1509 1423 1565 Theorie der Parallelklänge und Leittonwechselklänge in
478 1546 1418 1600 Dur und Moll), ist ohne allen Zweifel richtig; aber
474 1596 1426 1635 er ist leider in Oettingens Buch selbst unbewiesen. Es
472 1627 1421 1674 fehlt durchaus der Nachweis selbständiger
471 1667 1425 1715 Bedeutung der Mollverwandtschaft. Der
464 1707 1421 1765 fehlerhafte Kreisschluss, mit dem Oettingen operiert,
474 1756 1423 1804 spricht sich am deutlichsten aus in dem Satze (S. 46):
465 1795 1422 1842 „wir müssen den Mollakkorden . . ihre phonisch kon¬
462 1834 1421 1870 sonierende Eigenschaft zuerkennen. Die ursprüng¬
473 1866 1415 1913 lich aus physiologisch begründeten Phäno¬
470 1913 1416 1965 menen entwickelte Auffassung wird jetzt bei
464 1945 1420 1994 dem Mollakkorde sogar verständlicher; denn der
474 1991 1414 2033 phonische Oberton (des Mollakkords, z. B. g2 für
466 2037 1423 2081 c es g) existiert reell, der tonische Grundton
464 2069 1420 2114 (z. B. 2As als der Ton, von dem c es und g Obertöne
