1662 2544
533 290 635 366 24
534 374 1495 469 Terz) h. Wohl lässt sich begreifen, dass solche Inter¬
537 431 1505 516 valle, die eine vermittelte Beziehung auf die
535 466 1503 546 Prim durch Zerlegung in zwei einfachere
531 508 1501 596 Intervalle zulassen, eben wegen dieser Möglichkeit
537 548 1493 637 der Vermittelung überhaupt nicht mehr direkt bezogen
528 595 1493 679 werden, sondern in dem vermittelnden Tone neben die
527 625 1487 716 Prim eine zweite Prim stellen, und dass diese selb¬
528 673 1492 755 ständige Ableitung das Wesen der Dissonanz
525 712 1486 796 ausmacht (d′ als Quint von g, und h′ als Terz von g
523 753 1490 830 stellen neben die Prim c eine zweite Prim g, gis als
527 788 1490 875 Terz von e stellt ebenso neben die Prim c die Prim e).
521 828 1492 914 Rätselhaft ist und bleibt aber, dass das einfachste, erste
522 871 1483 948 aller Intervalle, die Oktave, von der Möglichkeit solcher
521 908 1489 993 Verselbständigung völlig ausgeschlossen ist, dass die
521 947 1480 1028 Quint der Oktave und die Terz der Oktave nicht ebenso
522 988 1483 1072 den Oktavton verselbständigen. Die Notwendigkeit, den
517 1035 1482 1112 „erweiterten Tonbegriff” als ein psychologisches
510 1069 1478 1148 Faktum anzuerkennen, ist also nicht in Abrede zu
508 1109 1474 1189 stellen; sie ist eine fundamentale Tatsache des Hörens,
510 1147 1480 1230 die anerkannt werden muss und jederzeit ohne Versuch
510 1195 1470 1269 eines Widerspruchs anerkannt worden ist. Sämtliche Ok¬
501 1228 1468 1308 taven, nicht nur diejenige der Prim, sondern auch die der
515 1267 1473 1348 Quint und der Terz, scheiden also damit aus den beiden
502 1315 1471 1384 zu betrachtenden Reihen aus. Alle Töne, deren Ord¬
492 1351 1464 1425 nungszahlen in den Reihen sich als Produkte definieren
501 1385 1466 1466 lassen (abgesehen ein für allemal von sämtlichen
495 1431 1465 1510 geradzahligen, die ja eben nur Oktaven bedeuten,
500 1466 1467 1551 d. h. mit den halb so grossen harmonisch identisch
488 1515 1439 1588 sind), sind gegen die Prim dissonant (9 = 3.3, 15 =
495 1549 1456 1627 3.5, 25 = 5.5, 27 = 3.3.3 u. s. w.). So bleiben also
494 1588 1457 1671 nur die Primzahlen 7, 11, 13, 17, 19 etc. übrig,
493 1628 1461 1708 deren Ignorierung durch das Ohr natürlich ebenfalls
485 1671 1453 1749 eine Erklärung fordert. Dass der dem Verhältnis des
489 1707 1454 1782 7. Tons der Reihe entsprechende Ton unter Umständen
485 1749 1448 1828 wirklich als noch zum Klang zugehörig musikalisch
487 1791 1451 1867 verstanden werden kann, ist längst bemerkt und
478 1835 1448 1901 z. B. von Tartini und Kirnberger für harmonische
482 1867 1450 1946 Experimente verwertet worden; auch mit dem 11. und
485 1908 1448 1987 13. Obertone macht man neuerdings ähnliche Versuche
475 1950 1445 2017 (Cl. Debussy, W. Rebikoff). Ich glaube aber den¬
474 1994 1447 2070 noch nicht, dass irgendwelche Aussicht ist,
469 2034 1442 2096 diese Versuche könnten zu einer Erweite¬
