1654 2538
472 324 558 393 14
471 426 1421 482 noch mehr verschiedenen Tönen der Reihe (natürlich
475 462 1425 521 nicht auf einem temperiert gestimmten Klaviere, das
473 499 1416 568 hier nichts beweist, sondern auf einem Instrument, das
473 538 1418 604 die reinen Verhältnisse der Naturtöne gibt) mit gleicher
473 576 1417 641 Beweiskraft wie für Capellens durch dilettantische Ex¬
467 627 1222 678 perimente „am Klavier” demonstrierte Fälle.
550 665 1411 722 Darum ist also unumwunden anzuerkennen, dass
462 699 1410 769 Stumpf mit der kategorischen Ablehnung der Ober¬
465 749 1415 803 töne als Beweismittel der Konsonanz den rech¬
468 788 1415 842 ten Weg eingeschlagen hat; es mag hart klingen, wenn
462 824 1405 889 Stumpf die Helmholtzsche Fundamentierung der Musik¬
464 866 1409 917 theorie als einen überwundenen Standpunkt be¬
461 914 1404 964 zeichnet — sie ist es tatsächlich, und alle Versuche
455 953 1402 1003 auf sie zurückzugreifen, können nur alte Notlügen und
459 990 1410 1043 Ausflüchte erneuern. Um uns den definitiven Abschied
465 1030 1404 1092 von der Begründung der Harmonie durch die Obertöne
467 1074 1405 1127 (und auch durch die Kombinationstöne) zu erleichtern,
458 1112 1403 1172 sei noch ein Beispiel angeführt, nämlich das e′ g′ im
449 1142 1068 1201 folgenden zweistimmigen Sätzchen:
449 1378 1400 1450 Die nächsten Obertöne dieser beiden Töne bringen
451 1428 1400 1490 h2 d3 gis3 in den Zusammenklang, was aber nicht ver¬
449 1469 1400 1529 hindern kann, dass wir das e′ g′ als Vertretung der
440 1509 1398 1578 Subdominante, nämlich des g moll-Akkordes (!) hören,
439 1554 1216 1611 also entsprechend dem vierstimmigen Satze:
438 1793 1392 1865 Dass solche Hörvorgänge sich weder aus den Obertönen
437 1849 1389 1908 noch aus den Kombinationstönen erklären lassen, ist
443 1891 1387 1952 wohl ohne weitere Ausführung ersichtlich. Hier versagt
437 1916 1387 1990 die Physik gänzlich und nur die musikalische Psychologie
437 1958 1116 2030 (Musikästhetik) kann Aufschluss geben.
