1665 2550
1214 351 1258 410 9
293 438 1251 485 können, eine Notlüge der sich zwar auch schon
295 483 1245 531 Rameau (im Traité) bediente, deren er sich aber bald
292 523 1251 570 schämte und die er widerrief. Dass der Mollakkord
295 566 1246 611 traurig klingt, weiss auch schon Zarlino (er nennt
293 605 1250 650 ihn „mesto”), spricht sogar auch schon davon, dass er
299 645 1244 693 weniger direkt von der Natur gegeben scheine,
299 684 1248 733 weist aber den Gedanken weit von sich (Opere I, S. 221),
296 726 1251 770 dass er eine gegenüber derjenigen des Durakkords
295 776 1247 816 „alterierte” Terz habe. Wenn nach Helmholtz die Er¬
290 804 1248 844 niedrigung der Terz um ½ Ton die Konsonanz des Dur¬
289 845 1246 895 akkords nur „trübt”, ohne sie aufzuheben, so ist doch
295 892 1245 933 gar nicht zu begreifen, weshalb nicht z. B. auch eine
290 926 1246 971 solche Stimmungsänderung der Quinte ähnlich nur
295 970 1250 1016 trübend wirkt, und warum der 7. oder 9. Oberton, die
292 1012 1252 1055 nicht einmal die Konsonanz trüben (sofern sie der
289 1044 1251 1094 Naturtonreihe nicht widersprechen), doch sogar bestimmt
292 1088 1246 1131 als Dissonanz qualifiziert werden, sobald sie in den
293 1124 1252 1173 Akkord gestellt werden. Mit Recht hat der Versuch
294 1165 1243 1208 Helmholtz’, mit solchen Ausflüchten grundlegende Be¬
293 1210 1242 1252 griffe zu erklären, schon durch A. v. Oettingen (Harmonie¬
290 1247 1242 1291 system in dualer Entwicklung, 1866), und Hermann Lotze
302 1291 1246 1339 (Geschichte der Asthetik in Deutschland, 1868) scharfe
298 1322 1244 1372 Abweisung erfahren. Helmholtz hätte aber schon von
293 1365 1236 1411 Goethe (vgl. F. Hiller, „Goethes musikalisches Leben”
294 1404 1237 1448 1883) lernen können, dass es um nichts törichter er¬
283 1450 1239 1488 scheinen würde; wenn man den Durakkord durch Er¬
290 1484 1250 1536 höhung der Terz vom Mollakkord ableiten wollte! Das
286 1522 1238 1570 gesunde natürliche Musikgefühl verlangt eben für den
289 1567 1250 1607 Mollakkord unumwundene Anerkennung seiner
293 1604 1248 1654 Konsonanz, eine offene und ehrliche Koordination
290 1653 1245 1697 mit dem Durakkorde als eine der beiden bedeutsamen For¬
286 1691 1244 1731 men der Konsonanz, neben denen es ein Drittes nicht
294 1730 1245 1771 gibt und nicht geben kann! Alle Erklärungen, welche
290 1768 1240 1809 die primäre und bedingungslose Konsonanz des Moll¬
290 1810 1248 1848 akkords verneinen, sind für den Musiker von vornherein
289 1851 1242 1892 anstössig und Verdacht erweckend. Wäre die Moll¬
293 1889 1245 1924 konsonanz gegenüber der Durkonsonanz etwas Künst¬
290 1922 1248 1970 liches, Abgeleitetes, Sekundäres, so müsste es doch
285 1971 1243 2016 auch als selbstverständlich scheinen, dass Moll jünger,
289 2007 1246 2051 später aufgekommen wäre als Dur, während
282 2044 1248 2098 gerade das Gegenteil sich aus der Musikgeschichte
278 2082 392 2132 ergibt.
