<?xml version="1.0" encoding="UTF-8" standalone="yes"?>
<PcGts xmlns="http://schema.primaresearch.org/PAGE/gts/pagecontent/2013-07-15" xmlns:xsi="http://www.w3.org/2001/XMLSchema-instance" xsi:schemaLocation="http://schema.primaresearch.org/PAGE/gts/pagecontent/2013-07-15 http://schema.primaresearch.org/PAGE/gts/pagecontent/2013-07-15/pagecontent.xsd">
    <Metadata>
        <Creator>prov=University of Rostock/Institute of Mathematics/CITlab|PLANET AI GmbH/Gundram Leifert/gundram.leifert@planet-ai.de:name=ONB_Newseye_GT_M1+(htr_id=10810)::::v=2.6.7
prov=University of Rostock/Institute of Mathematics/CITlab|PLANET AI GmbH/Tobias Gruening/tobias.gruening@planet-ai.de:name=de.uros.citlab.module.baseline2polygon.B2PSeamMultiOriented:v=2.6.7
prov=University of Rostock/Institute of Mathematics/CITlab|PLANET AI GmbH/Gundram Leifert/gundram.leifert@planet-ai.de:name=Stockholm Notaries 1727-1754(htr_id=33459)::::v=2.6.7
prov=University of Rostock/Institute of Mathematics/CITlab|PLANET AI GmbH/Tobias Gruening/tobias.gruening@planet-ai.de:name=de.uros.citlab.module.baseline2polygon.B2PSeamMultiOriented:v=2.6.7
prov=University of Rostock/Institute of Mathematics/CITlab|PLANET AI GmbH/Tobias Gruening/tobias.gruening@planet-ai.de:name=/net_tf/LA73_249_0mod360.pb:de.uros.citlab.segmentation.CITlab_LA_ML:v=2.6.7
Transkribus</Creator>
        <Created>2021-06-03T11:59:17.767+02:00</Created>
        <LastChange>2021-06-05T11:44:56.675+02:00</LastChange>
        <TranskribusMetadata docId="690742" pageId="26189597" pageNr="29" tsid="58675901" status="DONE" userId="74363" imgUrl="https://files.transkribus.eu/Get?id=DPQBUZXHWLPZYQJDDFBIOPTJ&amp;fileType=view" xmlUrl="https://files.transkribus.eu/Get?id=ATMNJMQGFCZMFBDLIFBRYHWE" imageId="20124405"/>
    </Metadata>
    <Page imageFilename="Riemann_Problem_split-0029.jpg" imageWidth="1659" imageHeight="2550" type="content">
        <ReadingOrder>
            <OrderedGroup id="ro_1624195580385" caption="Regions reading order">
                <RegionRefIndexed index="0" regionRef="TextRegion_1622745446127_3419"/>
                <RegionRefIndexed index="1" regionRef="TextRegion_1622745442220_3412"/>
                <RegionRefIndexed index="2" regionRef="TextRegion_1622745439609_3408"/>
                <RegionRefIndexed index="3" regionRef="TextRegion_1622745437291_3400"/>
                <RegionRefIndexed index="4" regionRef="TextRegion_1622745432048_3394"/>
            </OrderedGroup>
        </ReadingOrder>
        <TextRegion orientation="0.0" type="page-number" id="TextRegion_1622745446127_3419" custom="readingOrder {index:0;} structure {type:page-number;}">
            <Coords points="501,369 668,369 668,410 501,410"/>
            <TextLine id="line_1622745442289_3416" custom="readingOrder {index:0;}">
                <Coords points="516,405 527,407 533,414 549,401 553,403 581,400 583,354 565,357 559,353 554,358 543,355 518,356"/>
                <Baseline points="522,389 549,389 576,391"/>
                <TextEquiv>
                    <Unicode>28</Unicode>
                </TextEquiv>
            </TextLine>
            <TextEquiv>
                <Unicode>28</Unicode>
            </TextEquiv>
        </TextRegion>
        <TextRegion orientation="0.0" type="paragraph" id="TextRegion_1622745442220_3412" custom="readingOrder {index:1;} structure {type:paragraph;}">
            <Coords points="501,410 1473,410 1473,1019 501,1019"/>
            <TextLine id="r1l3" custom="readingOrder {index:0;} textStyle {offset:22; length:21;fontSize:0.0; kerning:0; letterSpaced:true;}">
                <Coords points="530,484 1477,491 1478,460 531,441"/>
                <Baseline points="536,469 582,470 629,471 676,472 723,472 769,473 816,473 863,473 910,474 956,474 1003,474 1050,474 1097,475 1143,475 1190,476 1237,476 1284,477 1330,478 1377,479 1424,481 1471,482"/>
                <TextEquiv>
                    <Unicode>belegen, dass uns ein Hören von Einzeltönen oder</Unicode>
                </TextEquiv>
            </TextLine>
            <TextLine id="r1l4" custom="readingOrder {index:1;} textStyle {offset:10; length:11;fontSize:0.0; kerning:0; letterSpaced:true;} textStyle {offset:23; length:18;fontSize:0.0; kerning:0; letterSpaced:true;}">
                <Coords points="523,517 1392,532 1479,528 1480,500 523,488"/>
                <Baseline points="529,511 576,511 623,512 670,512 717,512 765,512 812,513 859,513 906,514 953,514 1001,514 1048,515 1095,515 1142,516 1189,516 1237,516 1284,517 1331,517 1378,518 1425,518 1473,519"/>
                <TextEquiv>
                    <Unicode>auch von „Zweiklängen” im Sinne von voll¬</Unicode>
                </TextEquiv>
            </TextLine>
            <TextLine id="r1l5" custom="readingOrder {index:2;} textStyle {offset:0; length:39;fontSize:0.0; kerning:0; letterSpaced:true;}">
                <Coords points="526,561 1479,565 1479,540 1358,524 527,527"/>
                <Baseline points="533,551 580,551 627,551 674,552 721,552 768,552 815,553 862,553 909,554 956,554 1003,555 1050,556 1097,556 1144,557 1191,557 1238,558 1285,558 1332,558 1379,559 1426,559 1473,559"/>
                <TextEquiv>
                    <Unicode>ständigen aus Prim, Terz und Quinte be¬</Unicode>
                </TextEquiv>
            </TextLine>
            <TextLine id="r1l6" custom="readingOrder {index:3;} textStyle {offset:0; length:19;fontSize:0.0; kerning:0; letterSpaced:true;}">
                <Coords points="516,599 1461,615 1477,566 517,565"/>
                <Baseline points="523,590 570,591 617,591 665,592 712,592 759,593 807,593 854,594 901,594 949,594 996,595 1043,595 1091,596 1138,596 1185,597 1233,597 1280,598 1327,598 1375,599 1422,600 1470,601"/>
                <TextEquiv>
                    <Unicode>stehenden Harmonien geläufig ist, dass dagegen</Unicode>
                </TextEquiv>
            </TextLine>
            <TextLine id="r1l7" custom="readingOrder {index:4;} textStyle {offset:10; length:32;fontSize:0.0; kerning:0; letterSpaced:true;}">
                <Coords points="530,636 1405,652 1478,646 1479,615 531,610"/>
                <Baseline points="536,629 582,629 629,630 676,630 723,631 770,631 816,632 863,633 910,633 957,634 1004,634 1050,635 1097,636 1144,636 1191,637 1238,637 1284,638 1331,638 1378,639 1425,639 1472,639"/>
                <TextEquiv>
                    <Unicode>von einem Hören einer einstimmigen Melodie</Unicode>
                </TextEquiv>
            </TextLine>
            <TextLine id="r1l8" custom="readingOrder {index:5;} textStyle {offset:0; length:24;fontSize:0.0; kerning:0; letterSpaced:true;} textStyle {offset:39; length:3;fontSize:0.0; kerning:0; letterSpaced:true;}">
                <Coords points="521,677 1413,697 1469,694 1470,658 886,640 738,665 522,635"/>
                <Baseline points="527,670 573,670 620,671 667,671 714,672 761,672 807,673 854,673 901,674 948,674 995,675 1041,675 1088,676 1135,677 1182,677 1229,678 1275,679 1322,679 1369,680 1416,681 1463,682"/>
                <TextEquiv>
                    <Unicode>im Sinne von Zweiklängen (Intervallen) gar</Unicode>
                </TextEquiv>
            </TextLine>
            <TextLine id="r1l9" custom="readingOrder {index:6;} textStyle {offset:0; length:24;fontSize:0.0; kerning:0; letterSpaced:true;}">
                <Coords points="517,721 1470,743 1471,692 1383,685 518,682"/>
                <Baseline points="524,709 571,709 618,710 665,711 712,711 759,712 806,712 853,713 900,713 947,714 994,715 1041,715 1088,716 1135,717 1182,717 1229,718 1276,718 1323,719 1370,719 1417,719 1464,720"/>
                <TextEquiv>
                    <Unicode>nicht die Rede sein kann. So lange daher Stumpf</Unicode>
                </TextEquiv>
            </TextLine>
            <TextLine id="r1l10" custom="readingOrder {index:7;}">
                <Coords points="530,759 1469,770 1458,728 531,718"/>
                <Baseline points="536,749 582,750 628,750 675,751 721,751 767,752 814,753 860,753 906,754 953,754 999,755 1045,755 1092,756 1138,756 1184,757 1231,757 1277,757 1323,758 1370,758 1416,758 1463,758"/>
                <TextEquiv>
                    <Unicode>und seine Schule über die Untersuchung von Zwei¬</Unicode>
                </TextEquiv>
            </TextLine>
            <TextLine id="r1l11" custom="readingOrder {index:8;}">
                <Coords points="528,795 1452,818 1474,770 528,758"/>
                <Baseline points="534,789 580,789 627,790 674,790 720,791 767,791 814,792 860,793 907,793 954,794 1001,794 1047,795 1094,796 1141,796 1187,797 1234,797 1281,798 1327,799 1374,799 1421,800 1468,800"/>
                <TextEquiv>
                    <Unicode>klängen nicht hinauskommen, befinden sie sich überhaupt</Unicode>
                </TextEquiv>
            </TextLine>
            <TextLine id="r1l12" custom="readingOrder {index:9;}">
                <Coords points="515,841 1468,845 1468,817 1362,805 516,804"/>
                <Baseline points="521,828 568,828 615,829 662,830 709,831 756,831 803,832 850,832 897,833 944,833 991,834 1038,834 1085,835 1132,836 1179,836 1226,837 1273,838 1320,838 1367,839 1414,840 1462,841"/>
                <TextEquiv>
                    <Unicode>noch nicht auf dem Gebiete des musikalischen Hörens,</Unicode>
                </TextEquiv>
            </TextLine>
            <TextLine id="r1l13" custom="readingOrder {index:10;}">
                <Coords points="518,877 1468,887 1444,847 519,845"/>
                <Baseline points="525,868 571,868 618,869 665,870 712,870 759,871 806,872 852,872 899,873 946,873 993,874 1040,874 1087,875 1134,875 1180,876 1227,876 1274,877 1321,877 1368,878 1415,878 1462,879"/>
                <TextEquiv>
                    <Unicode>was ja übrigens zur Genüge durch die Wichtigkeit</Unicode>
                </TextEquiv>
            </TextLine>
            <TextLine id="r1l14" custom="readingOrder {index:11;}">
                <Coords points="519,916 1472,929 1472,890 520,879"/>
                <Baseline points="525,908 572,908 619,909 666,909 713,910 760,911 807,911 854,912 901,913 948,913 995,914 1042,914 1089,915 1136,916 1183,916 1230,917 1277,917 1324,918 1371,918 1418,919 1466,919"/>
                <TextEquiv>
                    <Unicode>bekräftigt wird, welche sie den Schwebungen und</Unicode>
                </TextEquiv>
            </TextLine>
            <TextLine id="r1l15" custom="readingOrder {index:12;}">
                <Coords points="516,958 1244,987 1466,975 1467,938 517,918"/>
                <Baseline points="522,947 568,948 615,948 662,949 709,950 756,951 803,951 850,952 897,953 944,953 991,954 1037,955 1084,955 1131,956 1178,957 1225,957 1272,958 1319,959 1366,959 1413,960 1460,960"/>
                <TextEquiv>
                    <Unicode>Nebentönen aller Art beilegten, die das musikalische</Unicode>
                </TextEquiv>
            </TextLine>
            <TextLine id="r1l16" custom="readingOrder {index:13;} textStyle {offset:4; length:10;fontSize:0.0; kerning:0; letterSpaced:true;}">
                <Coords points="519,994 562,1003 606,990 677,1007 813,995 833,1012 878,1016 947,1009 948,970 807,957 631,970 520,954"/>
                <Baseline points="525,988 551,988 577,989 603,989 629,990 655,990 681,990 707,991 733,991 759,991 785,991 811,992 837,992 863,992 889,993 915,993 941,994"/>
                <TextEquiv>
                    <Unicode>Ohr wegzuhören hat.</Unicode>
                </TextEquiv>
            </TextLine>
            <TextEquiv>
                <Unicode>belegen, dass uns ein Hören von Einzeltönen oder&#13;
auch von „Zweiklängen” im Sinne von voll¬&#13;
ständigen aus Prim, Terz und Quinte be¬&#13;
stehenden Harmonien geläufig ist, dass dagegen&#13;
von einem Hören einer einstimmigen Melodie&#13;
im Sinne von Zweiklängen (Intervallen) gar&#13;
nicht die Rede sein kann. So lange daher Stumpf&#13;
und seine Schule über die Untersuchung von Zwei¬&#13;
klängen nicht hinauskommen, befinden sie sich überhaupt&#13;
noch nicht auf dem Gebiete des musikalischen Hörens,&#13;
was ja übrigens zur Genüge durch die Wichtigkeit&#13;
bekräftigt wird, welche sie den Schwebungen und&#13;
Nebentönen aller Art beilegten, die das musikalische&#13;
Ohr wegzuhören hat.</Unicode>
            </TextEquiv>
        </TextRegion>
        <TextRegion orientation="0.0" type="heading" id="TextRegion_1622745439609_3408" custom="readingOrder {index:2;} structure {type:heading;}">
            <Coords points="501,1019 1473,1019 1473,1109 501,1109"/>
            <TextLine id="line_1622745437360_3404" custom="readingOrder {index:0;} textStyle {offset:0; length:24;fontSize:0.0; kerning:0; bold:true;}">
                <Coords points="759,1092 1221,1113 1222,1064 1204,1060 1023,1062 1000,1045 936,1058 884,1041 760,1056"/>
                <Baseline points="765,1086 790,1086 815,1087 840,1088 865,1088 890,1088 915,1089 940,1089 965,1089 990,1089 1015,1089 1040,1089 1065,1090 1090,1090 1115,1090 1140,1091 1165,1092 1190,1093 1215,1094"/>
                <TextEquiv>
                    <Unicode>V. Das Grundton-Problem.</Unicode>
                </TextEquiv>
            </TextLine>
            <TextEquiv>
                <Unicode>V. Das Grundton-Problem.</Unicode>
            </TextEquiv>
        </TextRegion>
        <TextRegion orientation="0.0" id="TextRegion_1622745437291_3400" custom="readingOrder {index:3;} structure {type:paragraph-continued;}">
            <Coords points="501,1109 1473,1109 1473,1771 501,1771"/>
            <TextLine id="line_1622745437364_3405" custom="readingOrder {index:0;}">
                <Coords points="588,1153 1457,1177 1458,1123 588,1108"/>
                <Baseline points="594,1145 636,1146 679,1147 722,1147 765,1148 808,1149 851,1149 893,1150 936,1151 979,1151 1022,1152 1065,1152 1108,1153 1151,1154 1193,1155 1236,1155 1279,1156 1322,1157 1365,1157 1408,1158 1451,1159"/>
                <TextEquiv>
                    <Unicode>Ich hoffe, dass es mir mit den vorstehenden Ausfüh¬</Unicode>
                </TextEquiv>
            </TextLine>
            <TextLine id="r1l20" custom="readingOrder {index:1;}">
                <Coords points="515,1191 1424,1213 1461,1207 1462,1177 515,1162"/>
                <Baseline points="520,1184 566,1185 613,1185 660,1186 707,1187 753,1187 800,1188 847,1189 894,1190 940,1190 987,1191 1034,1192 1081,1193 1127,1193 1174,1194 1221,1195 1268,1196 1314,1197 1361,1198 1408,1199 1455,1200"/>
                <TextEquiv>
                    <Unicode>rungen gelungen ist, zu beweisen, dass wir, um zum</Unicode>
                </TextEquiv>
            </TextLine>
            <TextLine id="r1l21" custom="readingOrder {index:2;}">
                <Coords points="522,1237 1464,1257 1464,1219 1382,1204 523,1190"/>
                <Baseline points="528,1223 574,1224 621,1224 667,1225 714,1226 760,1227 807,1228 853,1229 900,1229 946,1230 993,1231 1039,1232 1086,1232 1132,1233 1179,1234 1225,1235 1272,1235 1318,1236 1365,1237 1411,1238 1458,1239"/>
                <TextEquiv>
                    <Unicode>Verständnis der dualen Grundlage der Harmonie zu</Unicode>
                </TextEquiv>
            </TextLine>
            <TextLine id="r1l22" custom="readingOrder {index:3;}">
                <Coords points="510,1282 1461,1287 1461,1258 1411,1246 511,1243"/>
                <Baseline points="517,1264 563,1264 610,1265 657,1266 704,1266 751,1267 798,1268 845,1268 892,1269 939,1269 986,1270 1032,1271 1079,1272 1126,1272 1173,1273 1220,1274 1267,1275 1314,1276 1361,1277 1408,1278 1455,1280"/>
                <TextEquiv>
                    <Unicode>gelangen, unsere Kenntnis der akustischen Phänomene</Unicode>
                </TextEquiv>
            </TextLine>
            <TextLine id="r1l23" custom="readingOrder {index:4;}">
                <Coords points="512,1313 1458,1325 1458,1299 1385,1285 513,1281"/>
                <Baseline points="518,1303 564,1304 611,1305 658,1306 704,1306 751,1307 798,1308 844,1309 891,1309 938,1310 985,1311 1031,1312 1078,1312 1125,1313 1171,1314 1218,1314 1265,1315 1311,1316 1358,1317 1405,1318 1452,1319"/>
                <TextEquiv>
                    <Unicode>zunächst geradezu verleugnen müssen, da dieselben,</Unicode>
                </TextEquiv>
            </TextLine>
            <TextLine id="r1l24" custom="readingOrder {index:5;}">
                <Coords points="512,1352 1320,1374 1461,1367 1462,1332 513,1320"/>
                <Baseline points="518,1340 564,1342 611,1343 658,1345 705,1346 752,1347 799,1348 846,1348 893,1349 940,1350 987,1350 1033,1351 1080,1351 1127,1352 1174,1352 1221,1353 1268,1354 1315,1355 1362,1356 1409,1357 1456,1359"/>
                <TextEquiv>
                    <Unicode>weit entfernt, für dieses Verständnis den Schlüssel zu</Unicode>
                </TextEquiv>
            </TextLine>
            <TextLine id="r1l25" custom="readingOrder {index:6;}">
                <Coords points="507,1398 1415,1416 1462,1410 1463,1376 508,1361"/>
                <Baseline points="513,1382 560,1384 607,1385 654,1385 701,1386 748,1387 795,1388 843,1389 890,1389 937,1390 984,1391 1031,1391 1078,1392 1125,1393 1173,1393 1220,1394 1267,1395 1314,1396 1361,1397 1408,1398 1456,1399"/>
                <TextEquiv>
                    <Unicode>geben, vielmehr in hohem Grade dasselbe zu behindern</Unicode>
                </TextEquiv>
            </TextLine>
            <TextLine id="r1l26" custom="readingOrder {index:7;}">
                <Coords points="512,1430 1385,1460 1465,1450 1466,1414 512,1402"/>
                <Baseline points="518,1421 565,1423 612,1424 659,1425 706,1426 753,1427 800,1428 847,1429 894,1429 941,1430 989,1431 1036,1431 1083,1432 1130,1432 1177,1433 1224,1434 1271,1435 1318,1435 1365,1436 1412,1437 1460,1438"/>
                <TextEquiv>
                    <Unicode>geeignet sind. Ich selbst habe mich lange genug mit</Unicode>
                </TextEquiv>
            </TextLine>
            <TextLine id="r1l27" custom="readingOrder {index:8;} textStyle {offset:7; length:34;fontSize:0.0; kerning:0; letterSpaced:true;}">
                <Coords points="511,1473 1459,1491 1460,1456 512,1430"/>
                <Baseline points="518,1461 564,1462 611,1463 658,1464 705,1465 752,1466 798,1467 845,1468 892,1469 939,1469 986,1470 1032,1471 1079,1472 1126,1473 1173,1474 1220,1474 1266,1475 1313,1476 1360,1477 1407,1477 1454,1478"/>
                <TextEquiv>
                    <Unicode>diesen Scheinbeweisen durch die Phänomene</Unicode>
                </TextEquiv>
            </TextLine>
            <TextLine id="r1l28" custom="readingOrder {index:9;}">
                <Coords points="505,1517 1452,1527 1425,1487 506,1472"/>
                <Baseline points="511,1502 557,1503 604,1504 651,1505 698,1505 744,1506 791,1507 838,1508 885,1508 931,1509 978,1509 1025,1510 1072,1511 1118,1512 1165,1512 1212,1513 1259,1514 1305,1515 1352,1516 1399,1518 1446,1519"/>
                <TextEquiv>
                    <Unicode>herumgeschlagen und manche Seite geschrieben, manche</Unicode>
                </TextEquiv>
            </TextLine>
            <TextLine id="r1l29" custom="readingOrder {index:10;}">
                <Coords points="508,1548 1417,1573 1459,1571 1460,1529 508,1519"/>
                <Baseline points="514,1541 563,1543 612,1544 662,1545 711,1546 761,1547 810,1548 859,1549 909,1549 958,1550 1008,1551 1057,1552 1107,1552 1156,1553 1205,1554 1255,1555 1304,1555 1354,1556 1403,1557 1453,1558"/>
                <TextEquiv>
                    <Unicode>umständliche Folgerung gezogen, die ich heute nicht</Unicode>
                </TextEquiv>
            </TextLine>
            <TextLine id="r1l30" custom="readingOrder {index:11;}">
                <Coords points="506,1597 1431,1612 1456,1570 507,1555"/>
                <Baseline points="512,1582 558,1583 605,1584 652,1585 699,1586 746,1587 793,1587 840,1588 887,1588 934,1589 981,1590 1027,1590 1074,1591 1121,1592 1168,1592 1215,1593 1262,1594 1309,1595 1356,1596 1403,1597 1450,1598"/>
                <TextEquiv>
                    <Unicode>gerade zu widerrufen habe, auf die ich aber hinweisen</Unicode>
                </TextEquiv>
            </TextLine>
            <TextLine id="r1l31" custom="readingOrder {index:12;}">
                <Coords points="506,1629 1326,1654 1449,1644 1450,1618 507,1597"/>
                <Baseline points="512,1620 558,1622 605,1623 651,1624 698,1626 744,1626 791,1627 837,1628 884,1629 930,1629 977,1630 1024,1630 1070,1631 1117,1631 1163,1632 1210,1633 1256,1634 1303,1634 1349,1635 1396,1636 1443,1638"/>
                <TextEquiv>
                    <Unicode>darf als Beleg, zu welchen künstlichen Windungen und</Unicode>
                </TextEquiv>
            </TextLine>
            <TextLine id="r1l32" custom="readingOrder {index:13;}">
                <Coords points="509,1669 1402,1690 1447,1685 1448,1653 510,1630"/>
                <Baseline points="515,1661 561,1662 607,1663 654,1664 700,1665 746,1665 793,1666 839,1667 885,1668 932,1668 978,1669 1024,1670 1071,1671 1117,1671 1163,1672 1210,1673 1256,1674 1302,1675 1349,1675 1395,1676 1442,1677"/>
                <TextEquiv>
                    <Unicode>Winkelzügen die Ableitung der Konsonanz aus den</Unicode>
                </TextEquiv>
            </TextLine>
            <TextLine id="r1l33" custom="readingOrder {index:14;}">
                <Coords points="496,1708 1448,1730 1448,1684 497,1668"/>
                <Baseline points="502,1701 549,1702 596,1703 643,1704 690,1705 737,1705 784,1706 831,1707 878,1708 925,1709 972,1709 1019,1710 1066,1711 1113,1711 1160,1712 1207,1713 1254,1714 1301,1715 1348,1715 1395,1717 1442,1718"/>
                <TextEquiv>
                    <Unicode>Phänomenen zwingt. Von dem versuchten Nachweise der</Unicode>
                </TextEquiv>
            </TextLine>
            <TextLine id="line_1622745432125_3398" custom="readingOrder {index:15;} textStyle {offset:0; length:30;fontSize:0.0; kerning:0; letterSpaced:true;}">
                <Coords points="503,1749 1353,1779 1449,1766 1450,1730 504,1709"/>
                <Baseline points="510,1741 556,1743 603,1744 649,1745 696,1746 743,1746 789,1747 836,1748 883,1749 929,1749 976,1750 1023,1751 1069,1751 1116,1752 1163,1752 1209,1753 1256,1754 1303,1755 1349,1756 1396,1758 1443,1759"/>
                <TextEquiv>
                    <Unicode>Erzeugung der Untertöne im Ohr durch die die</Unicode>
                </TextEquiv>
            </TextLine>
            <TextEquiv>
                <Unicode>Ich hoffe, dass es mir mit den vorstehenden Ausfüh¬
rungen gelungen ist, zu beweisen, dass wir, um zum
Verständnis der dualen Grundlage der Harmonie zu
gelangen, unsere Kenntnis der akustischen Phänomene
zunächst geradezu verleugnen müssen, da dieselben,
weit entfernt, für dieses Verständnis den Schlüssel zu
geben, vielmehr in hohem Grade dasselbe zu behindern
geeignet sind. Ich selbst habe mich lange genug mit
diesen Scheinbeweisen durch die Phänomene
herumgeschlagen und manche Seite geschrieben, manche
umständliche Folgerung gezogen, die ich heute nicht
gerade zu widerrufen habe, auf die ich aber hinweisen
darf als Beleg, zu welchen künstlichen Windungen und
Winkelzügen die Ableitung der Konsonanz aus den
Phänomenen zwingt. Von dem versuchten Nachweise der
Erzeugung der Untertöne im Ohr durch die die</Unicode>
            </TextEquiv>
        </TextRegion>
        <TextRegion orientation="0.0" type="footnote" id="TextRegion_1622745432048_3394" custom="readingOrder {index:4;} structure {type:footnote;}">
            <Coords points="501,1771 1473,1771 1473,2118 501,2118"/>
            <TextLine id="r1l35" custom="readingOrder {index:0;}">
                <Coords points="498,1814 1443,1834 1440,1794 499,1779"/>
                <Baseline points="505,1806 551,1807 598,1808 644,1810 691,1811 738,1812 784,1813 831,1814 877,1815 924,1816 971,1816 1017,1817 1064,1818 1110,1819 1157,1820 1204,1821 1250,1822 1297,1823 1343,1824 1390,1825 1437,1826"/>
                <TextEquiv>
                    <Unicode>innerhalb der Skala der dominierenden Harmonie setze, halte</Unicode>
                </TextEquiv>
            </TextLine>
            <TextLine id="r1l36" custom="readingOrder {index:1;}">
                <Coords points="500,1849 1446,1862 1424,1830 501,1814"/>
                <Baseline points="507,1838 553,1840 600,1841 646,1842 693,1843 740,1844 786,1845 833,1846 880,1847 926,1848 973,1848 1020,1849 1066,1850 1113,1851 1160,1852 1206,1853 1253,1854 1300,1855 1346,1856 1393,1858 1440,1859"/>
                <TextEquiv>
                    <Unicode>ich für einen der allerwichtigsten Fortschritte der Erkenntnis,</Unicode>
                </TextEquiv>
            </TextLine>
            <TextLine id="r1l37" custom="readingOrder {index:2;}">
                <Coords points="503,1878 1384,1904 1450,1898 1451,1872 504,1853"/>
                <Baseline points="509,1870 555,1871 602,1872 649,1874 696,1875 742,1876 789,1877 836,1878 883,1879 929,1881 976,1882 1023,1883 1070,1884 1116,1885 1163,1886 1210,1886 1257,1887 1303,1888 1350,1889 1397,1890 1444,1890"/>
                <TextEquiv>
                    <Unicode>welche ich im Verlaufe meiner Arbeiten gemacht habe. Wäre</Unicode>
                </TextEquiv>
            </TextLine>
            <TextLine id="r1l38" custom="readingOrder {index:3;}">
                <Coords points="496,1913 1444,1932 1445,1896 1350,1890 497,1881"/>
                <Baseline points="502,1904 548,1904 595,1905 642,1906 689,1907 736,1908 782,1909 829,1910 876,1912 923,1913 970,1914 1016,1915 1063,1916 1110,1917 1157,1918 1204,1919 1250,1920 1297,1921 1344,1921 1391,1922 1438,1922"/>
                <TextEquiv>
                    <Unicode>das Wort nicht überhaupt zu beanstanden, so hätte ich zweifel¬</Unicode>
                </TextEquiv>
            </TextLine>
            <TextLine id="r1l39" custom="readingOrder {index:4;}">
                <Coords points="498,1944 1446,1966 1447,1931 499,1913"/>
                <Baseline points="504,1937 550,1937 597,1938 644,1939 691,1940 738,1941 784,1942 831,1943 878,1945 925,1945 972,1947 1018,1948 1065,1949 1112,1950 1159,1951 1206,1952 1252,1953 1299,1953 1346,1954 1393,1955 1440,1955"/>
                <TextEquiv>
                    <Unicode>los ganz anders begründete Ansprüche darauf, als „Monist” zu</Unicode>
                </TextEquiv>
            </TextLine>
            <TextLine id="r1l40" custom="readingOrder {index:5;}">
                <Coords points="501,1984 1014,1972 1437,2001 1450,1974 502,1951"/>
                <Baseline points="508,1969 554,1970 601,1971 648,1972 695,1973 742,1974 788,1975 835,1976 882,1977 929,1978 976,1979 1022,1980 1069,1981 1116,1982 1163,1983 1210,1984 1256,1985 1303,1985 1350,1987 1397,1987 1444,1989"/>
                <TextEquiv>
                    <Unicode>gelten, als die Pseudotheoretiker, welche dem Dualismus da,</Unicode>
                </TextEquiv>
            </TextLine>
            <TextLine id="r1l41" custom="readingOrder {index:6;}">
                <Coords points="496,2009 1447,2034 1448,2000 1401,1993 497,1984"/>
                <Baseline points="502,2000 549,2002 596,2003 643,2004 690,2005 737,2006 784,2007 831,2008 878,2009 925,2010 972,2011 1019,2012 1066,2013 1113,2014 1160,2015 1207,2016 1254,2017 1301,2018 1348,2019 1395,2020 1442,2021"/>
                <TextEquiv>
                    <Unicode>wo er unentbehrlich und vom Musikgefühl kategorisch gefordert</Unicode>
                </TextEquiv>
            </TextLine>
            <TextLine id="r1l42" custom="readingOrder {index:7;}">
                <Coords points="497,2045 1426,2069 1440,2034 498,2009"/>
                <Baseline points="503,2034 549,2035 596,2036 642,2037 689,2038 735,2039 782,2040 828,2041 875,2042 921,2043 968,2044 1014,2045 1061,2046 1107,2047 1154,2048 1200,2049 1247,2049 1293,2050 1340,2051 1386,2051 1433,2052"/>
                <TextEquiv>
                    <Unicode>ist, aus dem Wege gehen und ihn dafür in die einzelnen Klang¬</Unicode>
                </TextEquiv>
            </TextLine>
            <TextLine id="r1l43" custom="readingOrder {index:8;}">
                <Coords points="495,2074 1438,2105 1439,2065 1325,2055 496,2047"/>
                <Baseline points="501,2066 547,2067 594,2068 640,2069 687,2070 733,2072 780,2073 826,2074 873,2075 919,2076 966,2077 1013,2079 1059,2080 1106,2081 1152,2082 1199,2083 1245,2083 1292,2084 1338,2085 1385,2085 1432,2085"/>
                <TextEquiv>
                    <Unicode>vorstellungen, wo er alle Logik zerstört, an allen Ecken und</Unicode>
                </TextEquiv>
            </TextLine>
            <TextLine id="r1l44" custom="readingOrder {index:9;}">
                <Coords points="495,2108 559,2118 599,2109 617,2119 683,2110 752,2129 796,2118 796,2092 781,2086 691,2087 666,2077 644,2087 628,2077 592,2084 546,2073 527,2083 495,2074"/>
                <Baseline points="501,2100 527,2101 553,2102 579,2102 606,2102 632,2102 658,2102 684,2102 711,2103 737,2104 763,2106 790,2108"/>
                <TextEquiv>
                    <Unicode>Enden hineintragen.</Unicode>
                </TextEquiv>
            </TextLine>
            <TextEquiv>
                <Unicode>innerhalb der Skala der dominierenden Harmonie setze, halte&#13;
ich für einen der allerwichtigsten Fortschritte der Erkenntnis,&#13;
welche ich im Verlaufe meiner Arbeiten gemacht habe. Wäre&#13;
das Wort nicht überhaupt zu beanstanden, so hätte ich zweifel¬&#13;
los ganz anders begründete Ansprüche darauf, als „Monist” zu&#13;
gelten, als die Pseudotheoretiker, welche dem Dualismus da,&#13;
wo er unentbehrlich und vom Musikgefühl kategorisch gefordert&#13;
ist, aus dem Wege gehen und ihn dafür in die einzelnen Klang¬&#13;
vorstellungen, wo er alle Logik zerstört, an allen Ecken und&#13;
Enden hineintragen.</Unicode>
            </TextEquiv>
        </TextRegion>
    </Page>
</PcGts>
