1658 2538
1180 357 1277 417 21
308 436 1268 484 der Qualitätsempfindung der Tonhöhe aus den
314 478 1266 526 beiden quantitativen Faktoren der Inten¬
320 514 1267 562 sität (Schwingungsgeschwindigkeit, Zahl der Schwin¬
313 563 1260 611 gungen in einer bestimmten Zeiteinheit) und des Volu¬
312 594 1262 643 mens (Schallwellenlänge, überhaupt Grösse des schwin¬
316 639 1266 686 genden elastischen Körpers), so ist unschwer zu er¬
314 681 1270 722 kennen, dass die Aufsuchung der einfachsten
320 716 1264 765 Zahlenverhältnisse für beide Quantitäts¬
317 756 1264 797 bestimmungen ganz von selbst auf den Dua¬
314 793 1267 841 lismus der harmonischen Grundlage führt.
319 836 1270 886 Vielleicht ist aber noch niemand auf den Gedanken
315 874 1270 931 gekommen (mir selbst erschliesst sich diese Erkenntnis
313 917 1271 962 erst durch diese Kette von Folgerungen), dass der
311 953 1269 1003 unterscheidende Charakter von Dur und Moll
309 998 1274 1050 geradezu darauf zurückzuführen ist, dass
317 1036 1270 1077 die Durkonsonanz in den einfachsten Verhältnissen
311 1077 1279 1123 der Steigerung der Schwingungsgeschwindigkeit
317 1115 1272 1159 ihr Wesen hat, die Mollkonsonanz dagegen auf den
313 1158 1270 1205 einfachsten Verhältnissen der Vergrösserung der
312 1200 1261 1247 schwingenden Masse (der Schallwellenlänge, Saiten¬
313 1235 1265 1285 länge etc.) beruht, so dass man kurzweg das Dur¬
321 1276 1265 1323 prinzip in der wachsenden Intensität und das Moll¬
316 1318 1270 1361 prinzip in dem zunehmenden Volumen sehen kann.
318 1353 1274 1395 Dass diese neue Definition in der Tat dem
311 1393 1274 1440 Charakter der beiden Tongeschlechter
318 1433 1266 1481 bestens entspricht, möchte ich ganz besonders
318 1473 1267 1514 betonen; Hauptmanns „herabziehende Schwere” des
317 1515 1276 1560 Mollakkordes ist erst vollständig zu begreifen, wenn
311 1557 1273 1606 man dabei die wachsende Masse der auf den Ton 1
311 1590 1271 1639 bezogenen tieferen Töne ins Auge fasst, wie der auf¬
311 1637 1266 1675 strebende, helle, lichte Charakter der Durkonsonanz
317 1673 1267 1722 bestens damit erklärt ist, dass alle auf den Ton 1 (die
312 1714 1268 1759 Prim) bezogenen Töne Steigerungen der Schwingungs¬
318 1756 1270 1802 geschwindigkeit ihre Entstehung verdanken. Also noch¬
311 1793 1269 1841 mals kurz und gut: Das Durprinzip ist die Steigerung
312 1826 1272 1877 der Schwingungsgeschwindigkeit (Aufsteigen zu
315 1872 1269 1919 nächstverwandten Tönen), das Mollprinzip das An¬
320 1915 1276 1964 wachsen der Schallwellenlängen (Herabsteigen zu
311 1950 1266 1995 nächstverwandten Tönen); daher sind beide zahlen¬
311 1995 1278 2045 mässig am besten durch dieselbe einfache Zahlenreihe
307 2028 550 2082 auszudrücken:
