1665 2550
1234 329 1276 403 7
297 441 1266 491 Reihe von Tönen gesprochen werden, als dieselbe Saite
297 492 1259 535 oder dieselbe in einer Röhre schwingende Luftsäule sie
304 520 1255 566 gleichzeitig hervorzubringen vermag. Die Töne
302 574 1257 611 dieser Reihe mag man darum wohl mit einander ver¬
306 605 1255 647 wandt nennen, und wenn man den tiefsten derselben
300 644 1263 685 den Hauptton nennt, so ist das hinlänglich dadurch
304 682 1260 733 motiviert, dass derselbe für gewöhnlich der stärkste,
305 723 1257 771 ja sogar der meist allein vom Ohr identifizierte
309 771 1067 811 ist, über welchen man die andern überhört.
383 796 1258 854 Aber schon der Versuch, die Konsonanz des
301 844 1255 891 Durakkordes durch die Obertonreihe zu begründen,
307 884 1258 925 erfordert ein ganz willkürliches Absehen von allen
302 923 1264 970 den oberhalb des sechsten folgenden Tönen,
301 963 1256 1011 da ein grosser Teil derselben dem Durakkorde des Grund¬
297 1001 1252 1046 tons nicht angehört. Die Experimente „am Klavier”
296 1042 1256 1098 mit denen G. Capellen (Musik. Akustik, S. 12 u. ö.)
298 1084 1258 1130 die „Natürlichkeit” des Durakkords, Durseptimenakkords
302 1126 1257 1170 und Durnonenakkords erweist, sind für einen sehr
298 1164 1266 1220 kindlichen Standpunkt physikalischer Bildung berechnet;
301 1205 1262 1249 denn auf einem Instrumente mit genau in den
297 1246 1253 1290 natürlichen Verhältnissen der Obertöne ein¬
301 1283 1260 1328 gestimmten Saiten würde man ebenso die Natür¬
301 1324 1255 1372 lichkeit einer grossen Zahl von andern Zusammen¬
300 1363 1252 1409 klängen, z. B. des Akkordes 7:9:11:13 „beweisen”
296 1404 439 1450 können:
368 1796 1258 1851 Freilich die „Konsonanz” hat ja auch Capellen
250 1827 1258 1894 nicht einmal für 5:6:7:9 aus dem Nachklingen unter
299 1889 1258 1930 solchen Umständen zu folgern gewagt, sondern nur die
300 1921 1254 1981 „Natürlichkeit”. Dass aber die „Natürlichkeit” des Moll¬
294 1971 1249 2011 akkords sich ebenfalls durch solche „Experimente” und
293 2009 1254 2049 zwar sogar ohne „doppeltes Fundament” „be¬
293 2046 1254 2099 weisen“ lässt, ist ihm anscheinend ganz entgangen,
291 2087 878 2132 nämlich für die Töne 10:12:15
