1659 2562
576 347 634 398 36
579 439 1529 496 meine sämtlichen Schriften zur Harmonielehre seit 1873
584 477 1532 534 den Gebrauch dieser Bezeichnungen im umgekehrten
582 515 1535 581 Sinne bedingt hätte; er vergisst, dass diese Namen gar
582 565 1535 617 nicht von mir gewählte, sondern seit Rameau allgemein
583 604 1538 657 gebräuchliche sind, und ich sie mit demselben Rechte
585 649 1535 696 und aus denselben Gründen beibehalten habe wie die
584 680 1538 738 Bezeichnungen Dur, Moll, Parallele, Grundton und eine
588 720 1535 776 Menge anderer, und dass ich deshalb von allem An¬
580 764 1538 811 fange an und auch in den allerneuesten Arbeiten zur
583 800 1538 849 Klarstellung des gänzlich verschiedenen Sinnes der
575 839 1538 896 Dominanten in Dur und in Moll die scharf präzisierten
586 883 1536 937 Bestimmungen schlichter Quintklang, Gegenquintklang,
573 924 1540 977 Seitenwechselklang und die gesamte Terminologie der
580 962 1537 1013 Schritte (Gegenquintschritt etc.) eingeführt habe. Ob¬
576 1004 1539 1056 gleich mir einmal einer meiner persönlichen Schüler
579 1052 1539 1105 versichert hat, dass er sich mit der Terminologie der
576 1082 1535 1133 Schritte nicht mehr den Kopf beschwere, seit ich die
584 1125 1535 1173 Funktionsbezeichnung eingeführt habe, so weiss ich
583 1164 1536 1216 doch ganz genau, dass der Betreffende sich nur nicht
580 1210 1531 1256 mehr um die Namen sorgte, aber weit entfernt war,
577 1246 1537 1292 nunmehr die Dominanten in Dur und in Moll für gleich¬
584 1287 1544 1343 bedeutend anzusehen. Dass das beim Studium nach
575 1328 1533 1375 meiner Methode nicht geschehen kann, dafür sorgt vor
579 1373 1533 1419 allem der Ausbau der Bezifferung, in welcher z. B. die
576 1404 1539 1462 Prim der Molltonika und die Prim der Durdominante
582 1450 1539 1503 derselbe Ton sind. Also mit dem Widerruf ist es ganz
585 1493 1538 1537 und gar nichts. Ich stehe heute noch auf demselben
579 1528 1539 1572 Standpunkte wie vor 30 Jahren; nur habe ich mich
579 1572 1537 1620 endlich ganz von der Begründung der Prinzipien
574 1612 1527 1651 der Harmonie durch die akustischen Phä¬
576 1649 1532 1692 nomene freigemacht und die eigentlichen Wur¬
583 1685 1535 1738 zeln des Dualismus freigelegt, nach denen Stumpf
586 1730 1544 1777 grub, die er aber mit immer mehr Schutt bedeckte, je
580 1764 913 1822 länger er arbeitete.
666 1803 1541 1866 Damit sei diese Studie beschlossen. Hoffentlich
577 1851 1538 1899 ist es mir gelungen, einige Sätze zu formulieren, welche
578 1892 1542 1939 die von meinen Freunden ausgesprochenen Wünsche zu
583 1931 972 1995 erfüllen geeignet sind.
