1656 2562
607 317 683 390 34
610 616 1565 685 sodass der Kinder, überhaupt Anfänger in den Anfangs¬
608 656 1576 723 gründen der Harmonie unterweisende Lehrer gar nicht
609 699 1563 764 nötig hat, von den akustischen Phänomenen zu sprechen,
609 741 1568 799 so lange er nicht Rätsel erklären muss, wie z. B. die
622 769 1571 836 Wohlverständlichkeit eines ohne den obern Ton des
620 811 1567 884 Quintintervalls (5, I) abschliessenden tonischen Akkords.
689 861 1563 929 Zweifellos steht ja in meinen Harmonielehrbüchern,
610 897 1568 969 die alle noch Kampfstellung gegen die alte
615 941 1568 1009 Methode einnehmen, vieles für den Elementarschüler
611 980 1564 1050 im Tonsatz durchaus entbehrliche, ja geradezu schäd¬
610 1023 1565 1091 liche, weil verwirrende; ein rechtes Elementarbuch
610 1060 1562 1131 der Harmonie auf dualistischer Grundlage
607 1109 1564 1173 wird sich aller spekulativ-theoretischen Motivierungen
608 1148 1558 1202 und vollends aller aggressiven oder defensiven Polemik
605 1180 1567 1245 durchaus enthalten und nur ohne Umschweife dem
601 1220 1565 1283 Schüler vorschreiben, was er zu tun und zu lassen hat.
603 1263 1555 1324 Der Elementarschüler braucht nicht Gründe, sondern
597 1315 1554 1366 nur möglichst knapp und bestimmt gefasste Defini¬
603 1348 1563 1402 tionen und Regelstellungen; reift er später zum
603 1384 1564 1452 Frager nach dem Warum? heran, so wird er neben dem
609 1425 1551 1483 Elementarbuch ein spekulativ-theoretisches Buch ver¬
597 1467 1562 1532 langen, dann aber auch, da er sich bereits in den
597 1515 1559 1572 praktischen Schulapparat eingelebt hat, besser imstande
597 1555 1551 1603 sein, die Probleme berührenden Ausführungen zu ver¬
592 1585 717 1631 stehen.
681 1626 1553 1677 Auf Grund der Erfahrungen einer ausgedehnten
598 1664 1560 1727 Lehrtätigkeit während eines Vierteljahrhunderts darf ich
600 1715 1554 1768 mit einigem Anspruch auf Glaubwürdigkeit versichern,
597 1752 1550 1803 dass die Benennung des Mollakkords nach seinem
597 1798 1547 1849 obersten Tone den Elementarschüler (auch im Kindes¬
595 1831 1553 1884 alter) in keiner Weise irritiert; im Gegenteil leuchtet
595 1869 1554 1927 ihm die volle Gegensätzlichkeit des Aufbaues der beiden
597 1916 1551 1967 grundlegenden Gebilde sofort ein, und er freut sich bei
597 1956 1545 2009 jedem weitern Schritte vorwärts über die Nachweisbar¬
594 1996 1553 2042 keit entsprechender Bildungen in Moll und in Dur. Es
593 2032 1549 2088 ist darum durchaus allein korrekt und pädagogisch, von
587 2076 1549 2122 allem Anfange an Dur und Moll nebeneinander zu lehren
