1665 2550
461 333 541 401 8
473 724 1427 796 Nein, damit ist nichts zu machen, was ernst genommen
478 776 1420 836 werden könnte; wohl aber bleibt im Gegenteil das
470 820 1419 869 unbestreitbare Faktum, dass die Obertöne die nahe
478 855 1423 906 „Verwandtschaft” von Tönen belegen, welche das Ohr als
465 876 1417 957 Konsonanzen nicht anerkennt. Mit diesen Tönen, für
468 934 1416 993 C: 7 b1, 11 fis2, 13 as3 u. s. w. [17, 19, 23, 29, 31 etc.]
463 977 1421 1037 wird sich natürlich jede Theorie abzufinden haben, die
464 1013 1419 1074 überhaupt einen Zusammenhang zwischen den einfachen
465 1053 1416 1114 Schwingungsverhältnissen und der Konsonanzempfindung
458 1101 1414 1147 annimmt; es stellt sich da aber heraus, dass auf rein
468 1140 1421 1189 physikalisch-akustischem Wege mit denselben
467 1169 1421 1231 überhaupt nicht fertig zu werden ist, sondern nur auf
457 1220 1415 1280 eigentlich musikalischem Boden, von fertig ge¬
459 1259 1412 1302 gebenen musikalischen Begriffen aus. Das Ohr weiss
459 1298 1424 1343 da mindestens ebenso bequem mit diesen ihm nicht
465 1331 1421 1387 konvenabeln Beitönen fertig zu werden, wie etwa mit
460 1373 1410 1430 den dem Sinne des Akkords widersprechenden dritten
459 1411 1412 1466 und fünften Obertönen eines verminderten Dreiklangs:
541 1701 1408 1764 Welches Chaos störender Elemente (fis′ a′ c2 dis2
450 1752 1411 1808 fis2 a2)! Dieselben können aber nicht verhindern, dass
453 1795 1414 1847 dennoch das H d f in C dur als ein elliptischer G dur¬
454 1832 1132 1877 Akkord (!) mit Septime gehört wird.
541 1872 1413 1916 Steht es also schon um die Ableitung der Dur-
455 1914 1419 1966 konsonanz aus der Obertonreihe nicht allzugut, so ist
457 1959 1418 2009 vollends die „Erklärung” der Mollkonsonanz durch
457 1993 1040 2038 die Obertöne eine Unmöglichkeit.
529 2034 1416 2092 Helmholtz hat geglaubt, mit dem Schlagworte der
454 2082 1413 2128 „getrübten Konsonanz” sich aus der Affäre ziehen zu
