1665 2556
1142 326 1251 424 11
282 443 1243 498 übergegangen. In dem Bestreben, für den oberen Ton
280 486 1234 539 des Mollakkordes (g in c es g) die Bedeutung als Zen¬
278 527 1234 581 trum der Beziehungen der drei Töne zu er¬
285 571 1232 619 weisen, greift Hauptmann Rameaus Idee des son géné¬
277 620 1240 659 rateur auf und gibt dem C moll-Akkorde die beiden
284 659 1240 706 générateurs c und es, so dass g ein doppelt er¬
280 696 1240 745 zeugter Ton wird; er drückt das so aus (S. 32): Wie
278 730 1244 779 im Durakkord ein Ton (c in c g e) „Terz und Quint
278 777 1240 822 hat” (c e, c g), so wird im Mollakkorde ein Ton (g
279 818 1231 861 in c es g) von den beiden andern „zur Terz und Quint
277 852 1235 907 gehabt” (es—g, c—g). Auch A. v. Oettingens Erklä¬
283 903 1234 939 rung ist mit derjenigen Hauptmanns vollkommen iden¬
275 934 1231 979 tisch, da er dem „phonischen Obertone”, d. h. dem ersten
286 972 1230 1017 Tone, der sich in den Obertonreihen der 3 Töne
276 1011 1235 1058 des Mollakkords findet, die Bedeutung des Zentrums
273 1052 831 1114 der Tonbeziehungen zuschreibt:
273 1229 1233 1284 Also auch Oettingen hält schliesslich doch an der Be¬
279 1278 1231 1323 gründung der Mollkonsonanz durch das
279 1318 1235 1363 Phänomen der Obertöne fest und gibt dem
281 1360 1237 1403 Mollakkorde sogar drei Grundtöne, um mittelbar den
276 1397 1236 1443 einigenden gemeinsamen Ton zu erhalten.
277 1439 1225 1486 Dass er dann sozusagen nachträglich die Ober¬
275 1476 1235 1530 tonreihe eliminiert und von dem auf diese
277 1516 1235 1564 Manier gefundenen phonischen Zentraltone aus
269 1561 1238 1605 rückblickend (S. 31) die ganze Reihe der Töne, von
280 1596 1226 1648 denen derselbe Oberton ist, mit Helmholtz’
276 1640 1235 1691 Terminus (S. 76) als Reihe der harmonischen
273 1675 664 1732 Untertöne einführt:
269 1874 1224 1952 sieht zwar dann aus wie eine prinzipielle Beziehung
272 1932 1227 1987 der Mollkonsonanz auf diese Reihe, ist das aber doch
265 1972 1227 2022 tatsächlich nicht. Ich gestehe offen, dass die Pseudo¬
262 2011 1223 2072 logik dieser aus Obertonreihen heraus kon¬
260 2059 1227 2106 struierten Untertonreihe mich selbst längere
263 2093 1224 2161 Zeit getäuscht hat und auch in meinen ersten harmonie¬
