1659 2562
543 354 607 417 32
541 448 1501 518 der Musiktheorie im 3. Buche das wichtigste übersicht¬
550 483 931 537 lich zusammengestellt.
632 522 1503 589 Ich habe nur noch ohne weitere Abschweifung die
551 560 1502 631 Hauptfrage zu behandeln, warum im Mollakkorde
553 606 1506 676 der untere und nicht der obere Ton des
555 641 1505 721 Quintintervalls die Rolle der Fundamen¬
553 687 1506 752 tierung der Harmonie im praktischen mehr¬
543 731 1502 786 stimmigen Tonsatze zu übernehmen hat?
556 765 1502 834 „Monisten” wie Capellen und Polak könnten auch ernst¬
551 807 1504 878 lich in Frage ziehen, warum nicht die Terz des Moll¬
539 842 1167 902 akkordes sein Grundton sein kann?
623 888 1505 949 Nun, ich denke, der Grund ist einfach genug. Alle
543 930 1496 993 die scheinbaren Widersprüche der prak¬
539 972 1501 1031 tischen Behandlung des Mollakkordes gegen
548 1012 1505 1075 seine theoretische Ableitung erklären sich
546 1044 1492 1110 in der ungezwungensten Weise aus der ob¬
538 1085 1502 1153 jektiven Existenz der Obertöne. Die Terz in
544 1133 1503 1190 den Bass zu legen und etwa die den Zahlen 1, 3, 5 der
543 1166 1503 1231 Unterreihe entsprechende Lage des Mollakkords als die
546 1214 1069 1261 eigentlich normale anzusehen:
538 1441 1496 1504 verbietet sich wegen der fast in allen Klang¬
543 1480 1491 1531 farben sehr grossen Stärke des 3. Obertones
549 1530 1501 1581 von C, welche die Gefahr bringt, ein g für mit ange¬
537 1562 1499 1611 geben zu halten. Ebenso würde aber E als Basston
543 1611 1497 1659 durch den 3. Oberton h′ die Auffassung des A moll-
539 1644 930 1690 Akkords stark stören:
547 1846 1499 1913 Es ergibt sich also sehr einfach, dass die Verlegung
543 1900 1496 1946 von A in den Bass die deutlichste, die störenden
549 1933 1503 1978 Obertöne am wenigsten fühlbar machende
540 1970 1495 2025 Lage des Akkords ist, da das als starker Haupt¬
540 2016 1492 2069 ton gegebene c selbst in den Fällen, wo es in unmittel¬
539 2052 1497 2105 bare Nachbarschaft mit dem 5. Obertone von A (cis)
543 2092 1495 2148 kommen sollte, diesen zufolge der meist nicht allzu¬
