1665 2556
484 358 568 415 10
564 440 1442 498 Neben der einfachen Ableitung des Moll¬
487 491 1438 539 akkords vom Durakkorde durch „Trübung” taucht
482 534 1430 583 aber bereits bei Helmholtz auch die Idee auf (Lehre
489 569 1440 615 von den Tonempfindungen 4. Aufl. S. 355), die Konsonanz
486 603 1438 659 des Mollakkords durch Doppel-Fundamentierung
478 647 1436 694 aus zwei Obertonreihen zu begründen. Damit betritt
485 680 1434 733 Helmholtz einen Pfad, der zu den allerbedenklichsten
485 718 1434 780 Konsequenzen führen muss. Seine Nachfolger auf diesem
486 760 1434 814 Wege wurden O. Tiersch, O. Hostinský und neuestens
480 802 1429 863 G. Capellen und A. J. Polak („Über Zeiteinheit in Bezug
475 847 1438 889 auf Konsonanz, Harmonie und Tonalität”, 1900, und „Über
485 880 1429 936 Tonrhythmik und Stimmenführung”, 1903). Die Idee, dass
478 922 1428 979 der C moll-Akkord Elemente des C dur-Akkords (c—g),
477 960 1433 1018 Es dur-Akkords (es—g) und wohl gar auch noch des
477 1004 1432 1057 As dur-Akkords (c—es) zu einer künstlichen Ein¬
476 1036 1425 1090 heit verbinde, widerspricht nicht nur dem Grund¬
478 1083 1431 1131 gedanken des Rameauschen Systems (Konsonanz als
478 1120 1426 1171 Komplex der von demselben „son générateur” erzeugten
482 1157 1425 1219 Töne), sondern überhaupt einer kategorischen Forderung
470 1204 1428 1252 des musikalischen Gemeinbewusstseins, so dass man
476 1243 1428 1294 nicht begreifen kann, wie ein Denker von der Logik
470 1285 1428 1335 eines Helmholtz sie im Ernste vortragen konnte.
476 1317 1433 1381 Darüber ist doch wohl ein Zweifel ausgeschlossen, dass
469 1358 1429 1418 Konsonanz nichts anderes sein kann als Verbindung
465 1409 1427 1456 zueiner einheitlichen Vorstellung; deshalb kann
471 1444 1423 1490 es auch nur humoristisch wirken, wenn Georg Capellen
464 1484 1421 1536 sich als Vertreter eines harmonischen „Monismus” (!)
471 1525 1429 1578 aufspielt, indem er sich Helmholtz und Hostinský mit
473 1556 1418 1611 der Beziehung des Mollakkords auf ein doppeltes
468 1605 1427 1650 oder dreifaches Fundament anschliesst. Die Dualität
468 1636 1421 1684 der harmonischen Beziehungen, welche für die prin¬
465 1683 1423 1733 zipielle Scheidung von Dur und Moll sich so einfach
467 1723 1415 1769 und natürlich überzeugend darbietet, wird mit über¬
463 1759 1420 1813 legenem Lächeln beiseite geschoben, um auf dem iso¬
470 1800 1423 1851 ierten Gebiete der Begründung der Mollkonsonanz in
461 1836 1425 1892 desto bedenklicherer Form als Duplizität oder gar
465 1880 1415 1937 Triplizität der Fundamentierung neu zu er¬
465 1916 583 1968 stehen.
547 1955 1421 2010 Übrigens stammt aber die Beziehung des Moll¬
462 2003 1413 2046 akkords auf ein doppeltes Fundament sogar aus Haupt¬
462 2045 1421 2093 manns 1853 erschienener „Natur der Harmonik und
465 2081 1423 2136 der Metrik” und ist erst aus dieser in Helmholtz’ Werk
