1662 2544
527 326 613 385 26
567 420 1482 478 b) die Reihe der einfachen Vielfachen be¬
612 468 1405 523 züglich der Saitenlängen (Unterreihe).
526 505 1481 578 Diese Reihen bedürfen nicht der Belegung
532 556 1478 614 durch die akustischen Phänomene, deren Heran¬
530 601 1479 659 ziehung im Gegenteil nur das Verständnis der an sich
528 645 1478 705 sehr einfach liegenden Verhältnisse erschwert und ver¬
531 671 656 722 wickelt.
610 718 1480 778 Durch die Identität der Oktavtöne rücken
521 766 1481 836 nach Belieben die Töne beider Reihen in nächste
528 800 842 855 Nähe zusammen:
599 929 1473 997 Wie der Zusammenschluss von Tönen verschiedener
511 963 1476 1035 Höhe zur engeren Einheit des Tonbegriffs schon
516 1008 1470 1078 bei der Oktave Halt macht, so ist der Klangbegriff
520 1048 1470 1114 auf die drei Töne (nebst beliebigen Oktaven) Prim,
524 1091 1467 1149 (gr.) Terz und Quint beschränkt. Alle weiter ab¬
522 1140 1472 1195 stehenden, grösseren Ordnungszahlen entsprechenden
518 1167 1464 1240 Töne unterliegen entweder der Doppelbeziehung
515 1213 1462 1273 über einen vermittelnden Zwischenton (sind dissonant
512 1254 1465 1312 oder werden mit Tönen der gegensätzlichen
510 1286 1465 1344 Reihe verwechselt und vom Ohre als Be¬
514 1327 1472 1395 standteil des Einzelklanges verleugnet und
514 1376 1470 1431 gänzlich ignoriert.
581 1416 1464 1483 Der nächst höhere bezw. weitere Begriff
510 1461 1467 1522 über demjenigen des Tones (nebst seinen Oktaven!)
512 1496 1460 1562 ist also der des Klanges, dessen alleinige drei Ele¬
512 1543 1461 1598 mente die Töne Prim, Terz und Quint sind.
509 1580 1458 1639 Alle musikalisch überhaupt verständlichen Töne oder
506 1617 1456 1678 Zusammenklänge werden als Vertreter solcher Drei¬
506 1655 1454 1717 klänge gehört und miteinander verbunden und ver¬
506 1704 1456 1762 glichen. Neben den solchergestalt aus 3 konstituierenden
510 1737 1459 1800 Tönen bestehenden Klängen Zusammenklänge
509 1776 1457 1839 von nur zwei Tönen (Intervalle) als besonderen
510 1813 1455 1885 Begriff aufzustellen, liegt keinerlei Grund vor,
508 1855 1457 1919 da sogar auch Einzeltöne stets nur im Sinne von
499 1894 1458 1954 Klängen gehört werden. Die Ungewissheit über die
499 1933 1455 2001 Klangbedeutung eines ein Tonstück beginnenden Tones
502 1985 1450 2039 oder auch eines zweitönigen Intervalls, welche schnell
501 2016 1455 2075 durch die Fortsetzung aufgehoben wird, kann keinen
503 2055 1454 2124 Grund geben, noch besondere Intervallbegriffe
