1658 2538
533 304 639 359 20
531 396 1495 486 akkords hören, spricht sich unzweidentig genug darin
533 447 1489 530 aus, dass es neben der Durtonalität und Molltonalität,
529 477 1495 572 d. h. der Beziehung einer Melodie oder Akkordfolge
537 524 1490 607 auf einen Durakkord oder einen Mollakkord als zen¬
530 558 1487 650 tralen Klang (Rameaus „Centre harmonique”), etwas
528 600 1243 673 drittes nicht gibt und nicht geben kann.
511 729 1484 832 IV. Die wahre Wurzel des harmonischen Dualismus.
594 815 1474 900 Damit kommen wir endlich zu unserer Hauptfrage.
522 851 1477 946 Warum sollen wir uns den Bau des Mollakkordes um¬
512 898 1469 983 gekehrt denken als den des Durakkordes? Wenn wir
517 943 1470 1012 doch definitiv davon absehen, irgendwie die Oberton¬
509 980 1468 1069 reihe als Grund der Konsonanz in Frage zu ziehen,
515 1025 1470 1101 was kann uns dann hindern, zweierlei Aufbau konso¬
511 1061 1467 1138 nanter Verhältnisse nebeneinander nach oben anzu¬
510 1096 664 1147 nehmen?
700 1135 1228 1209 1. Prim, grosse Terz Quint.
699 1188 1217 1257 2. Prim, kleine Terz Quint.
495 1236 1462 1322 Dagegen ist zunächst einzuwenden, dass die Beschrän¬
500 1281 1461 1369 kung auf eine Art der Erklärung durch mathematische
497 1320 1459 1407 Definition beider Verhältnisse notwendig für den einen
502 1361 1461 1442 oder den anderen Akkord kompliziertere Zahlen be¬
498 1398 750 1460 dingt, nämlich
485 1638 1453 1718 d. h. die Definition nach Schwingungszahlen stellt
483 1678 1453 1762 den Mollakkord, die nach Saitenlängen den
489 1721 1451 1810 Durakkord als eine minder einfache Bildung
486 1762 1445 1847 hin, so dass dieser einfache Vergleich lehrt, dass
483 1806 1440 1880 die Mollkonsonanz richtiger aus der rela¬
480 1842 1439 1924 tiven Grösse der Schallwellen (Saitenlängen,
487 1882 1438 1964 Pfeifengrössen), die Durkonsonanz dagegen aus
482 1923 1442 2006 den relativen Schwingungsgeschwindigkeiten
477 1972 1438 2036 abgeleitet wird. Erinnern wir uns hierzu der fein¬
472 2010 1439 2081 sinnigen Ausführungen Lotzes (Gesch. d. Ästhetik in
469 2048 1435 2141 Deutschland, S. 272) über die Zusammensetzung
