1654 2550
1216 333 1258 392 5
278 422 1248 475 rechnet, so beweist das die völlige Unbekanntschaft
279 477 1249 519 mit meinem Nachweise (Gesch. d. M.-Th. S. 457), dass
283 506 1251 552 Rameau seinen im Traité de l'harmonie (1722) versuchten
295 547 1250 593 Widerspruch gegen Zarlino bereits 1737 definitiv auf¬
287 598 1242 641 gegeben hat (Génération harmonique) und mit klingen¬
291 626 1249 673 dem Spiele zu den Dualisten übergegangen ist. Ich
288 676 1251 718 darf daher auch nicht erwarten, dass diejenigen, welche
289 709 1252 763 jetzt in den Musikzeitungen und in Broschüren mit
286 751 1252 804 mehr oder minder Geschick als Wortführer gegen die
291 795 1251 844 duale Begründung der Harmonik auftreten, genauer
289 834 1245 875 mit den Einwänden vertraut sind, welche ich z. B. gegen
283 866 1255 919 Helmholtz und Stumpfs fundamentale Aufstellungen
290 919 1246 955 vorgebracht habe. Wenn ich auch nicht hier zu wieder¬
286 949 1254 998 holen gedenke, was ich seit 30 Jahren zu dieser Frage
284 1000 1253 1044 geschrieben habe, so wird es doch unerlässlich sein,
287 1040 1243 1081 eine in sich lückenlose Folge von Schlüssen zu geben.
292 1074 1249 1117 wenn nicht der gekennzeichnete Zweck dieser kleinen
284 1112 771 1172 Studie verfehlt werden soll.
295 1213 1240 1268 II. Sind die Obertöne der „Grund” der Konsonanz?
364 1296 1250 1345 Der erste Widerspruch gegen die 1558 durch Gioseffo
290 1338 1250 1385 Zarlino in seinen Istituzioni harmoniche (Lib. I. Cap. 30
287 1384 1253 1421 und Lib. III. Cap. 31) aufgestellte und eigentlich von
291 1415 1250 1462 allen Theoretikern der Folgezeit (Fr. Salinas 1577,
289 1459 1234 1505 Descartes 1615, Mersenne 1636, Rameau [seit 1737,]
290 1499 1253 1547 Levens 1743, Serre 1753, Tartini 1754, Blamville 1764,
292 1537 1252 1580 Jamard 1769, Vallotti 1779, Sabbatini 1799, Hauptmann
292 1577 1252 1620 1853, A. v. Oettingen 1866, O. Tiersch 1868, H. Riemann
295 1617 1258 1664 1873, Thürlings 1877, O. Hostinsky 1879, A. Krisper
292 1660 1254 1708 1882 u. s. w.) festgehaltene Gegenüberstellung der beiden,
290 1698 1250 1754 die Durkonsonanz und die Mollkonsonanz mathematisch
293 1738 664 1789 definierenden Reihen:
294 1994 1257 2048 erfolgte, als man nach Sauveurs (1700) Aufweisung
289 2035 1261 2083 der Zusammensetzung der Klänge der Saiten aus einer
289 2084 1261 2130 endlosen Reihe von Partialtönen, in dieser die eigent¬
