1658 2538
1192 321 1274 390 23
285 403 1257 478 allein selbstverständliche. Während wir heute als Grund¬
295 464 576 527 skala die Reihe
288 538 1273 628 zu betrachten gewohnt sind, rechneten dagegen die
298 609 665 678 Griechen umgekehrt:
301 717 1264 790 Überhaupt darf man nur ja nicht die Frage der ge¬
301 773 1258 826 schichtlichen Entwicklung anrühren, wenn man gegen
293 813 1262 870 die Schlichtheit und Natürlichkeit der Mollharmonie
300 852 1258 905 angehen will. Aber auch wenn man von geschicht¬
300 892 1256 944 licher Entwicklung ganz absieht, ist die Gegensätzlich¬
301 931 1259 984 keit der Dur- und der Mollbeziehungen vielfach so auf¬
297 972 1264 1034 fällig hervortretend, dass man die Augen absichtlich
297 1011 1004 1063 schliessen muss, um sie nicht zu sehen.
374 1029 1265 1102 Nachdem wir hiermit die wahre Wurzel des har¬
302 1092 1268 1149 monischen Dualismus aufgedeckt, bleibt als Problem
302 1129 1264 1193 zunächst noch die Beschränkung des Konso¬
296 1168 1272 1230 nanzbegriffs in seinen beiden Formen auf
299 1210 1264 1260 das Quintverhältnis und das Terzverhältnis.
301 1252 1270 1302 Warum erscheinen nicht auch die noch weiter als die 5
308 1294 1268 1340 von der Einheit abliegenden, Primzahlen entsprechenden
308 1331 1260 1381 Töne (7, 11, 13 etc.) in derselben Weise mit dem Tone 1
297 1373 1271 1420 zur Einheit des Klangs verbunden? Die Antwort kann
303 1413 1260 1463 sich ebenso wie die auf die Frage nach der Sonder¬
302 1449 1274 1504 stellung der Oktave nur auf eine Tatsache unseres
307 1489 1267 1539 musikalischen Hörens berufen, wenn auch viel¬
301 1530 1268 1579 leicht mit etwas mehr von einer Art Motivierung.
302 1571 1266 1618 Niemals wird es gelingen, eine volle Erklärung dafür
302 1615 1264 1666 beizubringen, warum die Oktave der Oktave uns durch¬
299 1646 1272 1706 aus als derselbe Ton erscheint wie der Ton 1, und
307 1694 1271 1740 warum auch die Unteroktave und jede beliebige weitere
305 1730 1270 1776 Oktaverweiterung nach oben oder unten uns mit dem
306 1772 1275 1823 Tone 1 harmonisch durchaus identisch erscheint, und
305 1812 1267 1861 warum auch beliebige Oktavversetzungen des Quint¬
302 1857 1267 1900 tones oder Terztones deren harmonische Qualität unver¬
307 1894 1264 1940 ändert lassen, während jede Potenzierung eines der
306 1935 1266 1979 beiden andern Intervalle und auch jede Kombination
309 1972 1269 2021 derselben sofort vom Ohre als Dissonanz qualifiziert
308 2017 1275 2057 wird, z. B. von c aus die Quint der Quint d′ oder die
302 2035 1271 2103 Terz der Terz gis oder die Terz der Quint (Quint der
