1656 2550
520 371 571 435 30
517 460 1469 499 nannter falschen Parallelen und 2. die Be¬
522 499 1469 548 handlung des 3. Tones der Unterreihe als
524 538 1473 584 Grundton. Was zunächst die falschen Oktaven und
526 578 1468 627 Quinten anlangt, so dürften sich wohl nicht allzuviele
522 620 1461 665 Musiker dem radikalen Reformator Herrn Capellen an¬
522 663 1465 708 schliessen, der das Quinten- und Oktavenverbot für einen
517 696 1466 749 lächerlichen alten Zopf hält („Die Freiheit oder Unfrei¬
520 739 1469 791 heit der Töne und Intervalle” [1904] S. 25). Ich halte
523 784 1458 834 es nicht für erforderlich, seine Ausführungen hier wieder¬
514 822 1466 869 zugeben und ihnen entgegenzutreten; mag er dieselben,
511 860 1464 910 so gut er kann, gegen andere verteidigen. Inbezug auf
510 901 1463 944 reine Quinten- und Oktavenfolgen zwischen realen Stim¬
514 944 1469 978 men bin ich Rigorist und scheue dieselben sogar in Gegen¬
517 979 1462 1035 bewegung. Hier sei nur bemerkt, dass das Oktaven-
513 1026 1469 1071 und Quintenverbot in der realen Existenz
506 1058 1467 1113 der Obertöne seinen Grund hat, weil nämlich
512 1102 1458 1153 zwei Stimmen, die sich (stufenweise) in solchen Intervallen
520 1136 1468 1194 bewegen, Gefahr laufen, für eine gehalten zu werden,
506 1181 1463 1226 sofern die Töne der höheren Stimmen mit Obertönen
512 1216 1465 1268 derjenigen der tieferen zusammenfallen und als solche
507 1254 1464 1310 gehört werden können. Gegen blosse Mixturquinten
505 1302 1457 1342 oder Verstärkungsoktaven hat wohl niemand etwas ein¬
507 1334 1458 1388 zuwenden (Capellen verteidigt aber gerade die Quinten,
506 1374 1458 1422 bei denen solche Deutung ausgeschlossen ist; diese
510 1414 1464 1461 Partien seiner Schrift sind nach meinem Urteil direkt
509 1452 1457 1514 kunstwidrig und mit schärfstem Protest zurückzu¬
505 1490 645 1543 weisen).
587 1532 1453 1580 Ganz anderer Art ist der Einfluss der real existie¬
502 1578 1456 1619 renden Obertöne auf die Stimmführung bezüglich
502 1616 1358 1658 der Fundamentierung des Mollakkords.
584 1653 1451 1695 Mit Recht fragen diejenigen, welche der Harmonie¬
501 1692 1455 1749 lehre, wie ich sie darstelle, näher getreten sind: „Wie
508 1734 1449 1781 kommt es, dass im Mollakkord die (Unter)-
509 1775 1458 1824 Quinte der gute Basston und für Schluss¬
502 1814 1447 1859 bildungen der allein gute bestimmt schlies¬
500 1860 1459 1899 sende Basston ist?” und die Gegner und Ab¬
502 1896 1459 1946 trünnigen fragen etwas schärfer: „Wie kann man
502 1932 1454 1983 den Mollakkord nach seinem obersten Tone
500 1974 1457 2021 benennen, wenn doch sein tiefster Grund¬
500 2011 840 2058 ton sein muss?”
581 2051 1456 2112 Gegen die letztere allzuscharfe und darum schartige
492 2094 1458 2150 Schneidigkeit ist zunächst kurzer Hand zu erwidern, dass
