1656 2550
1164 356 1230 427 31
264 446 1223 528 ein Akkord nach demjenigen Ton benannt
273 498 1218 558 werden muss von welchem aus die andern
269 538 1224 598 als nächste Verwandten (Terz, Quinte etc.)
277 575 1220 634 bestimmt werden, und dass doch die Behauptung,
268 613 1225 681 dass Hauptton (Prim) und Grundton unter
267 656 1227 716 allen Umständen dasselbe seien, erst zu be¬
277 695 1223 753 weisen wäre. Doch damit werden sich die Gegner des
273 733 1230 796 Dualismus noch nicht für überwunden geben. Es wird
269 790 1229 837 nötig sein, die Frage etwas eingehender zu behandeln,
269 814 1232 874 und zwar so, dass auch die Bedenken der Freunde
274 866 562 916 behoben werden.
362 900 1224 949 Was ist ein Grundton? Nach gewöhnlicher
275 934 1231 991 Terminologie der Harmoniebücher ganz allgemein der
273 984 1227 1030 Ton, welcher bei terzenweiser Übereinander¬
269 1014 1231 1070 stellung der Töne des Akkords der tiefste ist.
276 1056 1227 1111 Vielleicht ist es nicht überflüssig, vorzumerken, dass
272 1090 1234 1147 diese Theorie der Auffindung der Grundakkorde durch
268 1141 1235 1196 Sortierung und terzenweise Aufschichtung der Töne
277 1170 1236 1228 von demselben genialen Theoretiker J. Ph. Rameau
276 1213 1228 1269 herrührt, der dieses von der Mit- und Nachwelt wegen
270 1265 1233 1309 seiner plumpen Einfachheit sofort begriffene und all¬
271 1290 1237 1356 gemein adoptierte System des Terzenaufbaues selbst
279 1336 1238 1388 zuerst durchlöchert hat, z. B. durch Aufstellung des
271 1372 1228 1427 Akkords der hinzugefügten Sexte (Accord de sixte
269 1411 1237 1462 ajoutée), nämlich des Subdominantakkordes mit Sexte
278 1465 1229 1512 (f a c d in C dur), dessen Grundton nach Rameau (wenn
274 1498 1235 1545 auch nicht immer, so doch in vielen Fällen) nicht d
274 1530 1238 1589 ist (d f a c), sondern vielmehr f. Derselbe Rameau hat
272 1569 1234 1623 aber auch bereits in seiner Erstlingsschrift (Traité de
272 1615 1230 1662 l'harmonie 1722), in der er noch strenger „Monist” à la
273 1662 1229 1701 Capellen und fanatischer Gegner des Zarlinoschen Dua¬
279 1703 1230 1745 lismus ist, sogar entdeckt, dass h d f a in A moll eigent¬
272 1730 1236 1785 lich ein D moll-Akkord mit einer daruntergestellten (!)
272 1774 1237 1820 Terz ist; er begnügt sich also nicht einmal, auch für
276 1814 1234 1859 diesen Fall die Sixte ajoutée anzunehmen, die ja auch
274 1855 1232 1902 dem D moll-Akkorde seinen „Grundton” gelassen hätte,
278 1899 1228 1946 sondern erfindet gar noch eine Terz unter dem als
272 1931 1235 1982 solcher weiter geltenden Grundtone! Doch
275 1976 1227 2026 genug der historischen Seitenblicke; wer sich für die
277 2007 1228 2062 Geschichte des harmonischen Dualismus und die Ent¬
278 2056 1224 2103 wicklung der Lehre von der Klangbedeutung
274 2092 1233 2140 der Akkorde interessiert, findet in meiner Geschichte
