1658 2533
1216 347 1267 410 19
308 427 1268 498 Die beiden einzigen Arten von Komplexen aber, in
311 476 1264 539 deren Sinne man Einzeltöne sogut wie zwei- drei- und
309 516 1262 574 mehrtönige Akkorde hören kann, sind der Dur¬
312 553 1259 612 akkord und der Mollakkord (Zarlino, Opere I,
314 593 1267 652 S. 222 „Da questa varietà dipende tutta la diversità e
318 636 1267 694 perfettione dell' harmonie”). Der Durakkord und der
317 677 1266 732 Mollakkord sind nicht zwei zufällige Konglomerate
316 725 1271 770 von Tönen, die neben so und so vielen andern möglichen
316 754 1266 817 inter pares stehen, sondern sie sind die beiden
312 801 1267 841 einzigen prinzipiell verschiedenen, in deren
320 834 1269 894 Sinne alle weiter möglichen Kombinationen gehört
320 883 1266 928 werden. Voraussetzung für diese Erkenntnis ist natür¬
318 920 1266 966 lich der engere Zusammenschluss aller Oktav¬
317 954 1268 1002 töne zum Begriff des Tones im weiteren
316 994 1270 1047 Sinne, wie ich ihn bereits 1877 in meiner „Musi¬
318 1033 1268 1086 kalischen Syntaxis” aufgestellt habe und wie ihn Stumpf
309 1080 1260 1127 in der „Tonpsychologie” 1892 unter dem Namen „Er¬
322 1115 1276 1164 weiterungsbegriff” ebenfalls angenommen hat. Steht der
315 1151 1272 1207 Begriff der engeren Zusammengehörigkeit
318 1194 1265 1245 aller Oktaven fest — ihn zu leugnen wäre unsinnig,
312 1236 1276 1284 aber seine vollständige Erklärung oder Motivierung ist
320 1275 1270 1322 bekanntlich unmöglich — so reduzieren sich tatsäch¬
319 1311 1274 1362 lich durch Zusammenrücken in engste Lage alle als
316 1345 1271 1399 konsonant qualifizierten Kombinationen auf die beiden
320 1400 482 1450 Formeln:
391 1435 1203 1505 1. Prim mit (grosser) Oberterz und Oberquint,
380 1498 1230 1554 2. Prim mit (grosser) Unterterz und Unterquint.
396 1538 1274 1600 Zunächst wäre natürlich nichts dagegen einzu¬
314 1596 1270 1650 wenden, wenn man statt dieser Formulierung die andere
315 1636 466 1697 vorzöge:
342 1675 1245 1740 Prim mit (kleiner oder grosser) Oberterz
555 1733 1035 1782 und reiner Oberquint
320 1790 1271 1845 wie das alle Welt gewohnt ist; nur dürfen diejenigen,
324 1834 1272 1883 welche dieser Fassung den Vorzug geben, dann nicht
321 1874 1275 1920 mehr von der Begründung der Harmonie durch
321 1907 1275 1962 die Obertöne reden, da jede derartige Bezugnahme
315 1958 1266 1999 sofort die Mollkonsonanz in Frage stellt, sie zum un¬
324 1985 1275 2043 lösbaren Problem macht. Dass wir aber tatsächlich alles,
318 2029 1272 2077 was sich musikalisch ereignen kann, in jedem Moment
319 2072 1272 2127 entweder im Sinne eines Durakkords oder eines Moll¬
