9108 11150
4725 656 4959 996 30
1553 1005 8171 1378 und eine übermässige Terz ganz dasselbe sind, und die Zeichen ♯ und ♭ nur für die Notirung eine
1546 1336 8172 1591 Bedeutung haben. Das in der Abhandlung v. Drieberg’s (pag. 31) sich ausserdem noch findende
1530 1565 8181 1803 seltsame Argument gegen die Richtigkeit des reinen Quinten- und Quarten-Verhältnisses beruht
1554 1806 8156 2069 einfach auf einem Uebersehen des Unterschiedes zwischen auf- und ab-steigenden Intervallen,
1572 2038 8166 2287 und die Behauptung J. Krieger’s, dass die mathematische Theorie ihrem Grundsatze: „die
1546 2240 8165 2478 Schwingungszahlen der Töne verhalten sich umgekehrt, wie ihre Saitenlängen” durch einen
1523 2501 8166 2716 zweiten Satz: „die Anzahl der Schwingungen verhalte sich umgekehrt, wie die Quadrate der
1548 2706 8158 2969 Längen der schwingenden Körper selbst”, widerspreche, erweist sich als eine irrige, da bekannt¬
1541 2901 8176 3134 lich dieser zweite Satz nur für die Transversalschwingungen von Stäben gilt, also mit jenem
1577 3141 6685 3416 ersten, sich nur auf schwingende Saiten beziehenden keineswegs collidirt. —
2084 3334 8161 3630 Vergegenwärtigen wir uns also nochmals das bisher betrachtete Verhalten musikalischer
1566 3583 8185 3837 Theoretiker gegenüber den reinen akustischen Bestimmungen der Tonverhältnisse. Es wurde
1551 3799 8178 4086 theils eine Auswahl der einfachsten dieser Bestimmungen für die gebräuchlicheren Töne als un¬
1558 4068 8177 4284 zweifelhaft feststehend angenommen, theils beseitigte man sie ganz und schloss sich entweder
1561 4237 8179 4521 dem bequemeren Tonsystem der mittleren gleichschwebenden Temperatur an, welches man somit
1553 4475 8204 4730 zum maassgebenden für die gesammte practische und theoretische Musik erhob, oder erklärte sich
1578 4681 8188 4989 überhaupt gegen alle Anwendung mathematischer Bestimmungen auf musikalischem Gebiete
1576 4947 8203 5209 und übertrug dem Ohr allein die Feststellung reiner Intervalle, ohne sich dabei über eine ganz
1553 5142 8164 5376 der Temperatur der Tasteninstrumente entsprechende Auffassung der Tonverhältnisse erheben
1541 5387 2414 5660 zu können. —
4659 5800 5088 6107 § 17.
2050 6051 8201 6359 In einer der vorzüglichsten Schriften auf musikalisch-akustischem Gebiete, in F. W. Opelt’s
1555 6316 8158 6581 „allgemeiner Theorie der Musik” (Leipzig 1852), wird die 19-stufige gleichschwebende Tempe¬
1548 6536 8183 6811 ratur als die der musikalischen Notation zu Grunde liegende bezeichnet. Nachdem nämlich
1569 6762 8180 7058 Opelt die Nothwendigkeit einer Temperatur durch die musikalische Grundforderung genauer
1597 7015 8166 7256 Uebereinstimmung aller Dur- wie Moll-Scalen begründet hat, stellt er (im § 86) den Satz auf,
1555 7197 8191 7460 dass für ein gleichschwebendes, practisch ausführbares Tonsystem einzig nur die Temperaturen
1594 7445 8204 7682 von 12 und 19 gleichen Stufen zulässig seien. Wir möchten denselben nur für die Instrumente
1587 7650 8213 7945 mit gebundener Intonation, aber auch hier blos in Bezug auf die 12-stufige Temperatur gelten
1570 7897 8197 8142 lassen. Die 19-stufige, deren Quintenintervall $$MATH, wird von Opelt, wie es uns scheint,
1617 8098 8195 8354 überschätzt, wenn er sagt, dieselbe könne als erläuternde Grundlage unserer musikalischen
1605 8324 8191 8592 Orthographie dienen, und man könne sich an ihr die Natur der feineren enharmonischen Ueber¬
1600 8535 8219 8847 gänge deutlicher versinnlichen, als an der enharmonischen Tonleiter. Die Intervalle und die
1581 8798 6557 9136 ihnen entsprechenden Töne sind nämlich in dieser Temperatur folgende:
