9108 11229
4708 751 4994 1052 50
1543 1005 8169 1434 tragen hören. In Gesangmusik ist solche enharmonische Transposition zur Erleichterung des
1565 1367 8158 1595 Lesens besonders gefährlich und sollte nie Anwendung finden (vergl. Hauptmann, pag. 199);
1552 1591 8153 1897 überhaupt aber dürfte es besser sein, sie möglichst zu vermeiden und dem Ausführenden lieber
1544 1813 8169 2062 das Lesen von doppelt erhöhten und erniedrigten Tönen, als die manchmal im Augenblick nicht
1552 2026 8170 2307 leicht zu treffende Entscheidung darüber zuzumuthen, ob wirkliche enharmonische Verwechse¬
1569 2258 8170 2588 lung, oder nur eine für etliche Takte beliebte Erleichterungstransposition vorliege. Die Scheu
1526 2501 8144 2731 vor den Zeichen 𝀠und ♭♭ hat auch in neuerer Zeit immer mehr abgenommen; von den älteren
1568 2689 8161 3052 Componisten hat sie bereits Seb. Bach, der überhaupt wohl nicht leicht etwas musikalisch
1564 2947 6185 3261 Unlogisches dulden konnte, in ausgedehntem Maasse angewendet. —
2039 3042 8162 3457 Während der eben besprochenen, nur vorübergehenden enharmonischen Transposition
1519 3325 8161 3655 keine Aenderung in der wirklichen Tonhöhe entsprechen durfte, wird eine solche nothwendig
1535 3589 8177 3894 erfordert bei dem Eintritt der eigentlichen enharmonischen Verwechselung. Diese
1537 3775 8138 4080 findet nur da statt, wo der Componist einen, mehrere oder sämmtliche Töne eines Accordes plötz¬
1551 4077 8135 4358 lich in akustisch nahe liegende, harmonisch jedoch weit entfernte übergehen lässt, in der Absicht,
1543 4283 8168 4588 damit die bisherige Tonart und den Kreis der ihr nächst verwandten entweder definitiv, oder
1558 4558 8151 4821 wenigstens für einige Zeit zu verlassen. Die Tonhöhe ändert sich dabei, wie gesagt, bald nur für
1520 4692 8204 5030 einen, bald für mehrere, bald für alle Töne zugleich; diejenigen, welche in gleicher Tonhöhe
1557 4938 7853 5301 bleiben, erhalten wenigstens andere harmonische Bedeutung, wie folgende Beispiele zeigen:
2023 6642 8146 6988 Das ganze Verfahren ist eigentlich nur eine Erschleichung dessen, was ohne Störung
1529 6899 8155 7147 des gesetzlich-harmonischen Zusammenhanges nur auf dem Wege längerer Modulation zu er¬
1535 7128 8186 7434 reichen gewesen wäre. Die geringe akustische Höhendifferenz wird benutzt, um innerlich Grund¬
1563 7357 8189 7654 verschiedenes aneinander zu reihen; der Hörer wird nicht gerade unangenehm überrascht werden
1557 7594 8191 7825 durch das nicht erwartete Anschwellen oder Hinabsinken der Tonhöhe, aber den Eindruck einer
1538 7807 8189 8095 nur künstlichen, durch Willkühr hervorgerufenen Verbindung dennoch sicher empfangen, es
1546 8051 8180 8356 müsste denn durch ein äusserst geschicktes allmäliges Herbeiführen der Höhenveränderung den
1542 8294 8176 8550 Ausführenden gelingen, dem Ohr des Hörers das Stattfinden der enharmonischen Verwechselung
1555 8569 8197 8800 unbemerkbar zu machen, was besonders dann möglich scheint, wenn dieselbe in das Solo einer
1581 8775 7448 9093 einzelnen Stimme fällt, wie z. B. in Beethoven's Quartett Op. 95 (im dritten Satz):
1570 9370 8188 9659 Es kann aber überhaupt die enharmonische Verwechselung von zweierlei Art sein, je nachdem
1547 9682 8165 9927 man entweder erhöhte mit erniedrigten, oder umgekehrt erniedrigte mit erhöhten Tönen ver¬
