9108 11195
3959 2656 5778 3088 Zweiter Abschnitt.
1604 3142 8141 3504 Ueber die Nothwendigkeit beschränkter Tonsysteme für die ausübende
1744 3492 7978 3869 Musik und das Verhalten musikalischer Theoretiker gegenüber den
3590 3750 6155 4172 akustischen Bestimmungen.
4647 4223 5015 4603 § 9.
2056 4504 8143 4812 Die in den verschiedenen Quintensystemen enthaltene unendliche Vielheit*) von Ton¬
1572 4786 8175 4991 verhältnissen scheint nun schwerlich dazu geeignet, als Grundlage der praktischen Musik zu
1549 4979 8184 5307 dienen; es haben deshalb auch die Akustiker eine Auswahl aus denselben getroffen und für die
1564 5201 7789 5537 21 gewöhnlichsten Töne folgende Verhältnissbestimmungen als feststehende angenommen:
2020 8965 8172 9395 *) Dieselbe ist unendlich aus doppeltem Grunde, nämlich: 1) weil die Zahl der Quintensysteme eine unbe¬
1566 9173 7817 9606 schränkte ist, 2) weil ein jedes solches Quintensystem schon an sich eine unbegrenzte Reihe von Tönen ist.
2007 9461 6243 9782 **) Manche Akustiker setzen A = $$MATH; auch findet sich $$MATH statt $$MATH für D.
