9108 11325
1555 4047 7666 4415 Der Theorie der musikalischen Tonverhältnisse, welche man bisher als eine
961 4369 7688 4705 völlig feststehende, abgeschlossene Lehre zu betrachten pflegte, ist in neuester Zeit
954 4820 7682 5121 eine gründliche wissenschaftliche Bearbeitung*) zu Theil geworden, welche zu dem
957 5120 7677 5436 wichtigen Endresultat geführt hat, dass nicht die seit Zarlino geltenden einfachen
950 5378 7670 5755 Bestimmungen, sondern die des alten pythagoreischen oder reinen Quintensystems
946 5692 7657 6010 als wahrhaft genügende akustische Grundlage unserer heutigen Musik anzusehen
938 6024 7673 6335 sind. Diesem System fehlt das einfache, unabhängige Grundverhältniss der grossen
961 6345 7672 6745 Terz, 5:4, durch dessen Annahme, wie man sich nun vollständig überzeugt, aller
970 6683 7664 7132 Widerspruch zwischen der musikalischen Praxis und der akustischen Theorie
946 7023 1757 7356 entsteht.
1516 7306 7617 7673 Es ist nun gewiss von grösstem Interesse, das durch seine genaue Ueberein¬
928 7668 7689 8069 stimmung mit der freien Intonation des Gesangs und der Streichinstrumente sich
935 7935 7670 8304 so sehr empfehlende pythagoreische System auch in Bezug auf sein Verhältniss zu
956 8264 7600 8590 den Grundsätzen der musikalischen Theorie näher zu prüfen, und dies war eigent¬
948 8630 7676 8941 lich der Hauptzweck des folgenden wissenschaftlichen Versuchs. Da es uns aber
1493 9105 7670 9516 *) Durch M. W. Drobisch in seinen Abhandlungen: „über musikalische Tonbestimmung und
952 9424 7629 9910 Temperatur” (Leipzig, 1852) und: „Nachträge zur Theorie der musikalischen Tonverhältnisse” (Leipzig,
963 9697 1425 10070 1855).
