9108 11400
4732 748 4884 956 6
1473 1027 8150 1366 Dur- oder eine Moll-Scala sein kann. Bei dieser Anordnung jener Töne hört die Möglichkeit
1457 1360 8134 1604 gleichzeitigen Erklingens für je zwei nun neben einander stehende auf, indem dieselben
1456 1597 8141 1837 durchweg verschiedenen Dreiklängen angehören; es tritt die Nothwendigkeit ein, sie zeitlich
1440 1792 8134 2068 auf einander folgen zu lassen*). Somit erweist sich die Tonleiter als Grundelement aller
1466 2015 8126 2255 melodischen Folge von Tönen, und zugleich sieht man, dass diese letztere in steter Bezie¬
1447 2235 8100 2500 hung zu den harmonischen Bestimmungen bleibt, ohne welche Beziehung sie eine unmelodische,
1464 2451 8141 2723 unverständliche werden würde. Indem man z. B. von C zu D fortschreitet, geht man aus dem
1455 2684 8157 2949 tonischen in dessen Oberdominant-Accord über; der beiden Accorden angehörende Ton G bildet
1487 2901 8156 3142 hier die harmonische Vermittelung zwischen C und D; er ist Quinte des ersteren und Grundton
1483 3133 2718 3432 für den letzteren.
1945 3357 8126 3607 Die Scalen der Dur- und der Moll-Tonart erhalten nun nach Obigem folgende verschie¬
1480 3567 2365 3914 dene Form:
1989 8534 8145 8854 Die Molltonleiter in dieser streng harmonischen Form findet man zwar bisweilen von den
1475 8851 8168 9099 besten Componisten angewandt**), doch ist die als sechste Stufe darin vorkommende übermässige
1494 9069 8154 9309 Secunde ein für die melodische Fortschreitung schwer zu übersteigendes Hinderniss; kl. VI und
1914 9418 5191 9758 *) Siehe Hauptmann's Harmonik und Metrik p. 52 ff.
1983 9558 6923 10005 **)Man vergleiche S. W. Dehn's theor.-prakt. Harmonielehre (Berlin, 1840) p. 68, 69.
