9108 11204
4686 722 4973 1099 24
4652 1182 5077 1683 § 12.
2038 1576 8141 1928 Macht man umgekehrt die grosse Terz abhängig von der Quinte ($$MATH oder das
1594 1889 8165 2135 Intervall t′ = 4q — 2), so führt dies zu dem reinen Quintensystem (siehe § 6), in welchem
1569 2112 8140 2392 die Abweichung der Intervalle von den aus den einfachsten reinen Verhältnissen sich ergebenden
1587 2381 8139 2677 Bestimmungen eine weit grössere ist, als im System der reinen grossen Terz, wie folgende Ueber¬
1531 2577 2388 2926 sicht zeigt:
2072 7901 8282 8241 Es stimmen hier die Intervalle der V, IV, gr. II und kl. VII, deren Verhältnisse nur von
1621 8163 8201 8456 Q abhängen, genau überein; die geringste Abweichung trifft die Töne, welche T, eine grössere
1595 8409 8184 8679 die, welche T2, eine noch bedeutendere aber die, welche T3 in ihren relativen Schwingungszahlen
1583 8624 8181 8912 enthalten. Die gr. VI, gr. III, gr. VII und sämmtliche übermässige Intervalle werden im reinen
1617 8849 8188 9137 Quintensystem grösser, kleiner hingegen die kl. III, kl. VI, kl. II und alle verminderten Inter¬
1616 9073 8187 9395 valle. Während ferner die Aufeinanderfolge der Intervalle ihrer Grösse nach im System der reinen
1623 9343 8175 9598 grossen Terz und den damit verglichenen Bestimmungen nach einfachsten reinen Verhältnissen
1621 9553 5284 9857 ganz dieselbe war, ist sie hier eine wesentlich andere:
