9108 11179
4122 692 4388 1026 37
1475 7438 7562 7718 Man kann daher wohl voraussetzen, dass das reine Quintensystem bei denen keinen Bei¬
970 7646 7561 7955 fall finden werde, welche an jenem Satze festhalten. Ist denn aber die Gültigkeit des letzteren
1000 7884 7566 8154 hinlänglich bewiesen? Wir möchten im Gegentheil meinen, dass der Glaube an dieselbe bedeu¬
1011 8125 7545 8369 tend durch die richtige Erkenntniss erschüttert sein müsste, dass die Intervalle der Töne vom
1015 8339 7532 8585 musikalischen Gehör weder als Differenzen ihrer absoluten, noch ihrer relativen Schwingungs¬
982 8585 7524 8829 zahlen vernommen werden, sondern den Unterschieden ihrer Logarithmen entsprechen (§ 10).
999 8803 7541 9063 Denn hiernach scheint die Annahme eines in der Seele unbewusst stattfindenden Vergleichens
993 8997 7551 9276 jener Schwingungszahlen selbst, deren Verhältniss, je nachdem es leichter oder schwerer aufzu¬
985 9231 7543 9548 fassen ist, entweder als ein consonirendes, oder als ein dissonirendes wirken soll, nicht mehr
1446 9625 4033 9923 *) Bisher „diatonischer halber Ton” genannt.
