9108 11183
4724 705 5024 1056 28
1514 1029 8141 1399 so äusserst wichtige mittlere gleichschwebende Temperatur besonders hervorheben zu müssen
1559 1359 2344 1682 geglaubt. —
4598 1607 5049 2038 § 15.
1991 1919 8111 2305 Fragen wir nun, wie sich die musikalische Theorie der unendlichen Vielheit der akusti¬
1524 2201 8127 2454 schen Bestimmungen gegenüber verhalten hat und ob sie einem oder dem andern der zuletzt
1540 2457 8118 2707 bezeichneten, zu vereinfachten, aber von der akustischen Reinheit mehr oder weniger abweichen¬
1539 2707 8134 2966 den Tonsystemen führenden Wege gefolgt ist, so haben wir zunächst nur zu erwähnen, dass in
1539 2903 8133 3158 manchen theoretischen Werken die, wie wir oben sahen, musikalisch ganz ungenügende Auswahl
1539 3124 8149 3354 der einfachsten Verhältnisse für 21 Töne als unzweifelhafte akustische Grundlage angenommen
1555 3353 8141 3640 wird, dann aber natürlich ohne allen Zusammenhang und Einfluss auf die weitere, eigentlich
1515 3572 8093 3858 musikalische Lehre bleibt. Es bietet dieses als ein durchaus unkritisches zu bezeichnende Ver¬
1529 3806 6241 4067 fahren gar kein weiteres Interesse; daher wir es eben nur erwähnen. —
2038 3851 8117 4295 Bei anderen Theoretikern findet man eine Ueberschätzung der mittleren gleichschweben¬
1524 4180 8126 4529 den Temperatur; sie betrachten deren Tonbestimmungen als die allgemein maassgebenden für
1540 4448 8126 4712 unsere Musik und behaupten demnach die durchgängige Gleichheit der auf den Tasteninstru¬
1518 4654 8120 4940 menten zusammenfallenden Töne für die musikalische Praxis und Theorie, so dass also gar kein
1582 4875 8143 5194 Unterschied zwischen den Intervallen I♯ und kl. II (c—cis und c—des), IV♯ und V♭ (c—fis
1551 5150 8154 5412 und c—ges), gr. III und IV♭ (c—e und c—fes) u. s. w. stattfinden soll *). Indem sie sich aber
1511 5346 8138 5649 so aus dem unsicheren Labyrinth der mannichfachen Tonbestimmungen nach akustisch reinen
1573 5606 8143 5883 Verhältnissen ganz in die behagliche Beschränktheit dieser temperirten zurückziehen, ignoriren
1524 5767 8093 6072 sie den Unterschied, welcher bei freier Intonation, also im Gesang und auf den Streichinstru¬
1515 6038 8142 6316 menten, thatsächlich zwischen I♯ und kl. II, IV♯ und V♭ etc. gemacht wird, also nicht nur auf
1541 6248 8127 6535 dem Papier, in der Notenschrift, existirt, und überschätzen daher in der That eine Temperatur,
1533 6452 8127 6685 die nur aus dem practischen Bedürfniss möglichster Vereinfachung des Tonsystems für Instru¬
1543 6655 8154 6917 mente mit gebundener Intonation entsprungen ist. Wir fügen nur noch hinzu, dass diese Ansicht
1549 6895 8143 7148 durch den Widerspruch, in welchem sie zur Notenschrift steht, einerseits zu der verwirrenden
1533 7107 8143 7364 Lehre von der Mehrdeutigkeit der Töne führt, andererseits wohl dazu geeignet ist, Versuche
1528 7333 8139 7570 einer Vereinfachung der musikalischen Notation hervorzurufen, wie sie in neuester Zeit wirklich
1540 7543 2800 7854 aufgetaucht sind. —
1566 7940 8144 8243 sie hat deren nun 21. Jedes der 7 Pedale dieser neueren Doppelpedalharfen kann nämlich um 2 Stufen abwärts
1537 8190 8148 8403 bewegt werden; die Grundstimmung ist die der Ces-dur-Scala, enthält also die 7 erniedrigten Töne; der erste
1560 8356 8138 8642 Niedertritt erhöht diese auf die 7 Grundtöne C, D etc. und der zweite giebt deren einfache Erhöhungen: Cis,
1560 8515 2085 8687 Dis etc.
2065 8606 8151 8868 *) Man vergleiche z. B. A. B. Marx, allg. Musiklehre, pag. 41; desselben Compositionslehre, Bd. I, pag. 24.
1549 8811 8143 9048 Charakteristisch ist auch der Ausspruch von Spohr auf pag. 3 seiner Violinschule: „Unter reiner Intonation wird
1547 8999 8124 9195 natürlich die der gleichschwebenden Temperatur verstanden, da es für moderne Musik keine andere giebt. Der
1550 9168 8136 9348 angehende Geiger braucht auch nur diese eine zu kennen; es ist deshalb in dieser Schule von einer ungleich¬
1553 9320 8147 9524 schwebenden Temperatur eben so wenig die Rede, wie von kleinen und grossen halben Tönen, weil durch beides
1521 9474 7232 9662 die Lehre von der völlig gleichen Grösse aller 12 halben Töne nur in Verwirrung gebracht wird.”
