9108 11216
4116 574 4335 1009 21
1468 998 7558 1300 Von den für die Töne B, Des, Dis und His angegebenen doppelten Bestimmungen gehö¬
956 1327 7592 1553 ren die in Haken-Parenthesen eingeschlossenen dem französischen Tonsystem an, welches im
990 1520 7600 1805 Uebrigen ganz mit dem deutschen übereinstimmt. — Man hat, wie wir sehen, bei Fixirung dieser
980 1717 7582 1994 21 Töne fast durchgängig die einfachsten Verhältnisse gewählt, welche nicht einem einzigen,
955 1957 7557 2192 sondern mehreren verschiedenen Quintensystemen angehören. Es ist aber schlechterdings un¬
972 2202 7591 2425 möglich, diese einfachsten Bestimmungen durchweg als allein gültige festzuhalten, ohne gegen
981 2384 7591 2659 die musikalische Grundforderung absoluter Gleichheit der Tonverhältnisse in allen Dreiklängen
982 2616 7592 2910 und Scalen einer und derselben Art auf das Mannichfachste zu verstossen; denn es liefern dieselben
965 2852 7550 3095 eine beträchtliche Zahl von den Normal-Verhältnissen 4:5:6 und $$MATH abweichender,
954 3084 7581 3323 also unreiner Dur- und Moll-Dreiklänge (z. B. D fis a, es′ G B, D F a, h D fis), und von den
975 3268 7577 3531 Scalen, welche man lediglich aus ihnen bilden wollte, würden nur die Dur- und die abwärts
1001 3527 7611 3783 gehende Moll-Scala von C vollkommen rein sein, alle übrigen hingegen grössere oder geringere
983 3730 7568 3991 Abweichungen von dieser Reinheit zeigen*). Hiermit erweist sich denn die Annahme, man
975 3972 7577 4249 könne die einfachsten Tonbestimmungen als ausschliesslich gültige, der musikalischen Praxis zu
987 4185 7572 4453 Grunde liegende betrachten, als unrichtig; es bestimmen sich nicht nur die erhöhten und ernied¬
954 4410 7590 4654 rigten, sondern auch die 7 einfachen Töne in den verschiedenen Tonarten auf mannichfache
1006 4623 7591 4900 Weise, wie wir ja bereits in § 5 gesehen haben; a, die grosse Terz von F, giebt keine reine
1010 4915 7596 5145 Quintenconsonanz mit D; es muss sich daher z. B. in D dur und G dur nothwendig in A, die
974 5082 7593 5351 alterirte grosse Terz von F, verwandeln; ebenso wird aus e, der grossen Terz von C, in A dur das
944 5306 6414 5596 etwas höhere E, aus D, der Quint von G, in B dur das etwas tiefere d, u. s. w.
4087 5654 4515 6025 § 10.
1507 5904 7573 6251 Wir haben bisher nur die relativen Schwingungszahlen der Töne in Betracht gezogen;
967 6206 7595 6539 es entspricht aber bekanntlich die wirkliche Schätzung ihrer Höhenunterschiede oder Intervalle
973 6450 7575 6685 durch das musikalische Gehör nicht den Differenzen dieser Verhältnisszahlen selbst, sondern
976 6666 7587 6986 denen ihrer Logarithmen **). Denn wäre das Intervall proportional den Differenzen jener Zahlen
978 6898 7614 7171 selbst, so müsste es in jeder höheren Octave als ein doppelt so grosses für dasselbe Tonverhältniss
972 7125 7339 7396 empfunden werden, als in der vorhergehenden tieferen, da $$MATH und $$MATH,
997 7358 7540 7743 $$MATH und $$MATH etc. Es bleibt aber thatsächlich ein jedes Intervall ganz das¬
976 7673 7562 7969 selbe in allen Octaven, woraus folgt, dass, während die relativen Schwingungszahlen aufein¬
985 7867 7537 8151 anderfolgender Octaven eines Tones die geometrische Progression 1, 2, 4, 8, 16, --- = 20, 21,
981 8097 7584 8382 22, 23, 24 --- bilden, die Intervalle den Exponenten dieser Potenzen von 2 entsprechen müssen,
972 8318 7583 8610 welche in der einfachen arithmetischen Progression 0, 1, 2, 3, 4 --- wachsen. Das Octaven¬
984 8587 7586 8827 intervall ist sonach immer = 1, also = der relativen Schwingungszahl des angenommenen Grund¬
1000 8769 7611 9048 tones. Wie nun alle selbständigen Tonverhältnisse (§ 2) zwischen 1 und 2 (oder 20 und 21), so
1446 9137 7570 9366 *) Man vergleiche Drobisch’s Abhandlung „über wissenschaftliche Bestimmung der musikalischen Tem¬
996 9296 4379 9540 peratur” (in Poggendorf’s Annalen der Physik, Bd. 90).
1384 9370 7600 9636 **) Siehe Euler’s tentamen norde theorige musiche (p. 73), Drobisch’s vorstehend citirte Abhandlung in
981 9607 7274 9909 Poggendorf’s Annalen, sowie desselben grössere Schrift „über musikalische Tonbestimmung etc.” §. 14 ff.
