9108 11200
4125 646 4403 1077 27
1429 3373 7631 3671 Es ist dies die gewöhnliche gleichschwebende Temperatur, bei welcher die
985 3621 7566 3914 Octave in 12 gleiche Theile (sogenannte „halbe Töne”) zerfällt, und daher sämmtliche Inter¬
952 3931 7591 4185 valle rationale Grössen werden, die ihnen entsprechenden relativen Schwingungszahlen hin¬
978 4092 7617 4384 gegen, die der Octave natürlich ausgenommen, irrationale. Die geringsten Abweichungen von
948 4316 7619 4614 der Reinheit erleiden: die Quinte (— 0,00163) und die Quarte (+ 0,00163), sodann die gr. II
986 4522 7584 4820 (— 0,00325) und die kl. VII (+ 0,00325); im Uebrigen werden, wie im reinen Quintensystem,
930 4744 7577 5019 alle grossen und übermässigen Intervalle grösser, alle kleinen und verminderten hingegen kleiner;
936 4972 7615 5251 nur trifft hier die Verkleinerung der letzteren mit der Vergrösserung jener gerade zu einem Ton
946 5200 7593 5491 zusammen, während im reinen Quintensystem beide über einander hinweg greifen. Bei den
994 5416 7600 5745 Intervallbestimmungen nach reinen Verhältnissen und im System der reinen grossen Terz dagegen
965 5645 7612 5918 erreichte der erhöhte Ton die Höhe seiner erniedrigten gr. II noch nicht, sondern blieb stets
957 5910 7596 6210 tiefer. Somit erweist sich die gewöhnliche gleichschwebende Temperatur als eine Grenzscheide
931 6092 7578 6372 zwischen den dem Systeme der reinen gr. III verwandten Temperaturen, in welchen I♯, II♯ etc.
959 6318 7615 6718 tiefer, als kl. II, kl. III etc. liegen (also $$MATH), und den dem reinen Quintensysteme näher
967 6651 7590 6909 stehenden, in welchen das Umgekehrte der Fall, also $$MATH ist, und man hat sie daher sehr
1005 6910 7602 7133 passend als mittlere bezeichnet. — Es ist nicht unsere Absicht, einzelne, einer oder der anderen
964 7093 7628 7354 der durch diese Grenzscheide gesonderten Classen angehörende Temperaturen, von denen man
982 7345 7604 7612 die wichtigsten in der so überaus reichhaltigen Abhandlung von Drobisch: „über musikalische
982 7561 7596 7825 Tonbestimmung und Temperatur” berechnet und ausführlich beurtheilt findet, hier speciell in
971 7771 7602 8037 Betracht zu ziehen; wir wollten nur ganz im Allgemeinen die verschiedenen Wege characteri¬
965 7977 7595 8235 siren, auf denen man, wenn absolut sich gleich bleibende relative Höhe eines jeden in der
975 8222 7597 8438 Notenschrift unterschiedenen Tones erforderlich ist, zu musikalisch brauchbareren Tonsystemen
997 8391 7628 8721 gelangt, als durch Festhalten an einer Auswahl der einfachsten aus der unendlichen Vielheit
962 8617 7576 8887 von akustisch reinen Bestimmungen der Tonverhältnisse, und haben dabei neben den Syste¬
961 8865 7608 9084 men der reinen grossen Terz und der reinen Quinte nur die für die Tasteninstrumente (sowie
983 9164 7597 9381 auch grösstentheils für die Blasinstrumente) unentbehrliche*) und daher in practischer Beziehung
1409 9507 7611 9734 *) Die Harfe ist durch die neuere, von Erard herrührende Construction (à double mouvement) aus der
1004 9670 7594 9912 Beschränkung der mittleren Temperatur auf nur 12 an Höhe unterschiedene Töne in jeder Octave herausgetreten;
