9108 11166
4690 576 4990 1002 22
1537 936 8136 1346 werden auch alle wirklich verschiedenen Intervalle zwischen 0 und 1 liegen müssen; sie lassen
1513 1292 8087 1505 sich daher auch ganz einfach als die natürlichen Logarithmen der relativen Schwingungs¬
1513 1516 8103 1776 zahlen*) bezeichnen, und dies bietet ein sehr bequemes Mittel, die Grössen der Intervalle direct
1513 1774 8103 2003 zu bestimmen und unter einander zu vergleichen, dessen Anwendung in den bereits wiederholt
1527 1951 8126 2237 erwähnten Schriften von Drobisch der Theorie der Tonverhältnisse neuerdings ganz besonders
1513 2184 8135 2429 reichen Gewinn gebracht hat. Wir werden in den folgenden Untersuchungen öfters Gelegenheit
1536 2408 8094 2702 haben, solche Intervallbestimmungen anzuführen; daher wir hier von einer übersichtlichen Zu¬
1525 2623 5323 2936 sammenstellung derselben**) füglich absehen können. —
4635 2816 5016 3276 § 11.
1998 3087 8114 3528 Die Töne werden in der ausübenden Musik theils „frei intonirt”, wie beim Gesang, bei
1543 3497 8125 3767 Anwendung der Naturtöne der Blasinstrumente und auf den Streichinstrumenten ***), theils sind
1533 3687 8082 3974 sie in bestimmter Höhe und beschränkter Anzahl festgestellt, wie auf der Orgel, dem Klavier,
1527 3921 8100 4200 der Harfe und der Mehrzahl der Blasinstrumente. Es wäre denkbar, dass bei freier Intonation
1525 4144 8066 4398 die mannichfachen Tonbestimmungen, welche wir oben in den §§ 5 — 8 kennen gelernt haben,
1520 4360 8085 4606 wirklich Anwendung fänden, soweit sie den gebräuchlicheren Tonarten angehören; wir werden
1525 4594 8074 4823 hierauf später zurückkommen und wenden uns jetzt zunächst zu der gebundenen Intonation.
1528 4809 8094 5072 Der musikalischen Grundforderung vollkommener Gleichmässigkeit aller Dur- wie aller Moll-
1530 5044 8104 5290 Dreiklänge und Scalen konnte, wenn jeder Ton nur einen, feststehenden Werth zur relativen
1521 5231 8103 5528 Schwingungszahl haben sollte, durch eine Auswahl der einfachsten von den Grundverhältnissen
1520 5461 8086 5709 der Quinte und der grossen Terz abhängigen Tonbestimmungen deshalb nicht genügt werden,
1528 5668 8118 5919 weil das Quintverhältniss zu wesentlich anderen Bestimmungen derselben Töne führte, als das
1523 5910 8096 6181 der grossen Terz. Daraus folgt die Unvereinbarkeit dieser beiden Verhältnisse in ihrer Reinheit
1518 6113 8083 6408 für jedes jener Forderung entsprechende System festbestimmter Töne und die Nothwendigkeit,
1514 6305 8120 6592 entweder das reine Quintverhältniss, oder das der grossen Terz, oder endlich beide zugleich einer
1529 6536 8111 6897 Abänderung zu unterwerfen. Die Erfüllung jener Grundforderung liegt offenbar in der Gleichung
1558 6817 8091 7128 $$MATH, oder, wenn wir die zu Q und T gehörigen Intervalle mit q und t bezeichnen,
1497 7083 8104 7370 $$MATH, welcher durch $$MATH und $$MATH, oder $$MATH . . . und $$MATH . . . nicht
1522 7229 2533 7518 genügt wird. —
2028 7347 6383 7719 Bestimmt man nun 1) die Quint abhängig von der grossen Terz
1494 8043 8109 8313 so führt dies zu einem System †), dessen Töne sich sehr nahe den einfachsten reinen Verhältnissen
1505 8285 8103 8547 anschliessen, was natürlich ist, da unter diesen nur 3 vom Quintverhältniss allein abhängig sind
1954 8534 5777 8788 *) Denn diese kann man sämmtlich als Potenzen von 2 betrachten.
1995 8752 8102 9056 **) Eine solche findet man in Drobisch’s Abhandlung „über musikal. Tonbestimmung und Temperatur”,
1527 8921 2049 9138 pag. 28.
1973 8960 8121 9306 ***) Diese haben nur 4 durch Stimmung in Quinten fixirte Töne, von denen die 3 oberen nebenbei auch frei
1500 9232 3017 9437 gegriffen werden können.
1907 9306 8088 9649 †) Man vergleiche hierüber J. N. Möhring, „zur Theorie der Musik” (III. Abschnitt), und Drobisch,
1551 9569 5816 9823 „Nachträge zur Theorie der musikalischen Tonverhältnisse”, pag. 20 u. ff.
