9108 11325
4685 731 4966 1083 52
1475 1047 8112 1380 die angegebenen Aenderungen von Tönen, welche der Notation nach ruhig liegen bleiben sollten,
1459 1321 8204 1622 sowie auch Fortschreitungen in unreinen Quinten oder Quarten stattfinden müssten. Wollte
1476 1612 8204 1845 man aber Solches vermeiden, so würde in vielen Fällen der Modulation die Rückkehr in die
1491 1803 8194 2039 ursprüngliche Tonart unmöglich werden, und es müssten ohnedies immer noch abweichende
1483 2039 3973 2346 Intervalle mit eingemischt werden:
1941 3144 8144 3460 Mit Annahme des pythagoreischen Systems dagegen verschwinden alle diese Uebelstände;
1468 3433 8196 3716 der gleichbenannte Ton ist dann in allen Accorden und Scalen, denen er angehört, seiner Tonhöhe
1493 3675 8171 3933 nach derselbe; er hat nur verschiedene harmonische Bedeutung und wird daher bei der Modu¬
1473 3898 8109 4122 lation wohl letztere fortwährend ändern, aber weder eine Erhöhung noch Vertiefung erleiden. —
1946 5099 8149 5383 Indem wir hiermit diesen dritten und letzten Abschnitt unserer Erörterungen beschliessen,
1496 5399 8140 5657 möchten wir noch den Wunsch aussprechen, dass es uns wenigstens durch einige der vorgebrach¬
1467 5602 8169 5852 ten Gründe gelungen sein möge, die vorzügliche Uebereinstimmung des reinen Quintensystems
1506 5814 8192 6045 mit den Grundsätzen der musikalischen Theorie in hinlänglich überzeugender Weise darzuthun
1487 6049 8198 6332 und so nach geringen Kräften Etwas dazu beizutragen, dass dieses System, welches ja ohnehin
1477 6268 8188 6510 erwiesener Maassen das von der Praxis bei freier Intonation befolgte ist, auch die ihm gebührende
1492 6553 8161 6818 Anerkennung als einzige, wahrhaft genügende akustische Grundlage der theoretisch-musikali¬
1472 6736 3945 7069 schen Lehre bald allgemein finde. —
