9108 11300
4063 684 4369 1056 39
1370 3719 7499 4116 Bei der Octave, welche wir hier als „Concordanz” bezeichnet haben, ist noch gar kein
900 4098 7475 4370 dritter Ton vorhanden; der irgend zweifache Bedeutung erhalten könnte; der Zusammenklang
902 4346 7493 4602 der nächst verwandten, ähnlichen Töne I und VIII ist ein an sich unmittelbar verständlicher
901 4533 7492 4806 und bedarf keiner Vermittelung durch ein Drittes. In der als „vollkommene Consonanz” be¬
877 4773 7500 5045 zeichneten Quinte, mit welcher der erste vom Grundton wesentlich verschiedene Ton eintritt,
877 4987 7492 5229 erkennen wir das Intervall des harmonischen Fortschrittes. Die Octave kann für dasselbe als
892 5219 7500 5500 Beziehungston angesehen werden, welcher die zweifache Bedeutung einer Wiederholung des
892 5434 7524 5698 Grundtones und eines Grundtones der Quinte erhält; es ist aber diese zweifache Bedeutung
904 5696 7503 5936 wegen der harmonischen Identität von I und VIII keine widersprechende, und daher das Quin¬
867 5911 3729 6181 tenintervall ein vollkommen consonantes.
1358 6115 7512 6309 Anders verhält es sich mit der Quarte (oder unteren Quinte des Grundtones); hier
870 6315 7502 6574 bekommt die Octave als Beziehungston die Doppelbedeutung einer Wiederholung des Grundtones
879 6586 7527 6825 und einer Quinte der sich als Grundton geltend machenden Quarte; wir haben dieses Intervall
880 6771 7496 6994 daher als „unvollkommene Consonanz” bezeichnen zu müssen geglaubt. Es gradezu den Disso¬
847 6981 7496 7242 nanzen beizuzählen, wie manche Theoretiker gethan haben, scheint uns doch nicht ganz gerecht¬
861 7198 7517 7537 fertigt; denn die widersprechende Bedeutung der Octave ist keine bleibende, sondern nur eine
851 7414 7516 7711 momentan auftauchende, indem nun der Grundton sofort auch Quintbedeutung erhält, und die
865 7648 7488 7904 Quarte somit ganz entschieden Hauptton wird. — Die Zusammenklänge von I und gr. II (C und D)
858 7894 7515 8133 und I und kl. VII (C und B) sind die ersten wirklichen Dissonanzen. Den Beziehungston
881 8093 7488 8399 bildet bei der gr. II G, die V von C, welche nun zugleich Grundton von D wird, bei der kl. VII F,
843 8339 7499 8570 der Grundton für C, welcher, indem B hinzutritt, zugleich die Bedeutung einer Quinte erhält.
880 8564 7520 8845 Geht man weiter zur 3ten oberen Quinte des Ausgangstones, also zu seiner gr. VI, A, so wird G
827 8866 7508 9105 zugleich V und kl. VII (untere gr. II), D zugleich gr. II und I. Da nun der Ton A mit C con¬
844 9063 7525 9329 sonirt, so muss man annehmen, dass die Zweideutigkeit jener 2 Beziehungstöne sich hier gegen¬
843 9227 7508 9582 seitig und zwar kreuzweise aufhebe. Analoges würde auch für die untere 3te Quinte, die kl. III,
860 9447 1926 9776 Es stattfinden.
