9108 11204
4220 733 4476 1111 47
1028 1132 7632 1428 Für Nr. 1 und 2 ist nach dem pag. 45 Gesagten keine weitere Erklärung nöthig. Die chroma¬
1045 1390 7681 1636 tische Erhöhung des F in Fis bei Nr. 3 ist durch die des D in Dis bedingt, welche entschiedener
1011 1613 7631 1842 nach dem E-dur führen soll; deshalb tritt der Accord dis0 stellvertretend für $$GRAPHIC; ein. Nr. 4 er¬
1029 1830 7641 2060 klärt sich analog Nr. 6 auf pag. 45; der Accord, in welchen die regelmässige Auflösung führen
3098 2065 7605 2344 würde, ist übergangen, und so wird auch hier harmonisch Frem¬
3089 2302 5113 2584 des unmittelbar verbunden. —
4179 2723 4579 3156 § 24.
1486 3143 7662 3452 Es hat also thatsächlich jede Oberdominant-Terz (Leitton im engeren Sinne) und jeder
1015 3406 7636 3644 Grundton eines verminderten Dreiklanges die entschiedene Tendenz, sich stets nach oben zu
1027 3596 7606 3865 lösen, während die Septimen und verminderten Quinten ebenso entschieden abwärts streben.
1025 3846 7588 4142 Bei den Ausnahmefällen, wo dieser Tendenz nicht genügt wird, wirken andere Umstände ein,
1003 4062 7640 4301 durch welche die betreffenden Töne zu dem ihnen eigentlich widerstrebenden Fortgange gezwun¬
1054 4298 7642 4569 gen werden. Die Leittöne, wie die Septimen, bewegen sich bekanntlich bei ihrer naturgemässen
1004 4490 7632 4736 Auflösung nach entgegengesetzter Richtung immer um das gleiche Intervall einer kl. II fort.
1991 4735 7633 5048 $$MUSIC Stellen wir nun, ganz abgesehen davon, dass die freie Intonation bei diesen Fort¬
1994 4928 7636 5261 schreitungen factisch dem reinen Quintensystem entspricht, die allgemein-theore¬
1022 5187 7650 5474 tische Frage, welche Lage jenen Tönen mit der so entschiedenen Tendenz, sich in ihre obere
1015 5398 7643 5645 oder untere kl. II zu lösen, in Bezug auf diese letztere wohl am natürlichsten zukomme, so ist
1029 5657 7632 5904 die Antwort doch ohne Zweifel: „eine möglichst nahe”, d. h. eine so nahe, als es mit unmittel¬
1023 5859 7652 6106 barer harmonischer Verständlichkeit der Fortschreitung noch verträglich ist; denn C — His und
1028 6136 7649 6375 C — D♭♭ liegen sich allerdings noch näher, es würde aber diese Folge zweier discordanten Töne
999 6311 7660 6599 eine ganz unverständliche, nie sicher zu intonirende sein. Denken wir uns also innerhalb der
1017 6548 7670 6811 gr. II C — D zwei jener nothwendigen Fortschreitungen: Cis — D und Des — C, so werden, da
1014 6748 7676 7060 Cis dem D und Des dem C möglichst nahe liegen soll, die Intervalle C — Cis und D — Des nicht
1024 6986 7652 7233 füglich kleiner sein können, als C — Des und D — Cis, weil es gar nicht einzusehen wäre, warum
1033 7207 7670 7499 Cis, welches entschiedene Tendenz nach oben hat und, auf C folgend, nicht wieder in dieses
984 7421 7629 7705 zurück, sondern unfehlbar hinaufwärts führt, tiefer sein sollte, als Des, welches, auf D folgend,
3085 7651 7641 7951 $$MUSIC sich ebenso entschieden hinab nach C löst. Es ist daher schon aus
3056 7841 7645 8144 einer solchen allgemeinen Betrachtung klar, was die Praxis des
1047 8105 7651 8348 Gesanges und der Streichinstrumente von je her thatsächlich bewiesen hat, und womit nur die
992 8316 7645 8603 bisherige akustische Theorie noch in Widerspruch stand, dass nämlich alle Töne, welche als
1018 8538 7638 8833 Leittöne die Bestimmung haben, sich aufwärts zu lösen (wie sie sich zunächst in der Vorzeich¬
984 8835 7645 9040 nung ♯ ausspricht), höher liegen, als die ihnen benachbarten, in der gemeinen gleichschweben¬
979 9003 7632 9211 den Temperatur mit ihnen zusammenfallenden Töne mit entgegengesetzter (durch die Vorzeich¬
985 9201 7614 9473 nung ♭ angedeuteter) Tendenz, also Cis höher, als Des, E höher, als Fes etc., wie es im pytha¬
1050 9443 7637 9723 goreischen System stattfindet. Die grosse Secunde C — D zerfällt demnach in die unter sich
1066 9657 7662 9976 gleichen kleinen Secunden C — Des und Cis — D und das zwischen beiden bleibende kleine
