9108 11170
4793 627 5049 1065 32
1601 1064 8232 1367 einfachen, von einander unabhängigen Fundamentalbestimmungen der gesammten Harmonik
1601 1318 8232 1606 anerkennt, einzig würdige Verfahren, den aus solcher Annahme sich ergebenden mehrfachen
1627 1536 8233 1770 Bestimmungen der Töne auch für die Harmonielehre eine wirkliche Bedeutung zu verschaffen
1602 1762 8208 2023 und derselben kein irgend wie beschränktes oder temperirtes Tonsystem zu Grunde zu legen.
1612 1992 8226 2272 Daher geht denn auch Hauptmann in der Unterscheidung der Töne über die Notenschrift
1610 2206 8216 2461 hinaus; er bezeichnet je zwei im Verhältniss 81:80 stehende mit verschiedenen Buchstaben *),
1585 2460 8248 2723 z. B. die Quinte des A dur-Dreiklanges mit E, die Terz in C dur dagegen mit e, die Quinte in
1617 2675 8264 2971 G dur und die kleine Terz in h moll mit D, die grosse Terz in B dur und die Quinte in g moll
1612 2865 8267 3210 mit d, u. s. w. Das ganze Tonsystem wäre bei strengem Festhalten dieser Unterscheidung in
1602 3094 6859 3418 folgender nach beiden Seiten unendlichen Reihe von Dreiklängen enthalten:
1574 3742 4428 4103 oder, wenn man die Dreiklänge sondert:
2093 6982 8213 7327 Es scheint daher eigentlich nicht zulässig, den Mollaccord auch: C es G, F as C etc.,
1585 7233 8240 7468 sowie den Duraccord: as C es, es G b etc. zu schreiben, wie es in Hauptmann's Harmonik
1608 7456 8247 7745 häufig der Fall ist. Denn, da C:es < c:Es = a:C und es:G > Es:g = C:e, so ist der
1595 7684 8233 7947 Mollaccord C es G in seinen Verhältnissen ganz verschieden von dem a C e; ebenso stimmt, weil
1608 7909 8231 8172 es:G > C:e und G:b < e:G, der Durdreiklang es G b nicht überein mit dem normalen
1610 8135 8233 8431 C e G. Man muss daher, um die Bezeichnungsweise Hauptmann's nicht misszuverstehen,
1624 8347 8254 8604 den von ihm mit kleinen Buchstaben geschriebenen Tönen nicht blos einerlei akustischen Werth
1627 8636 8233 8853 beilegen, sondern man hat die grossen Terzen der gross geschriebenen Töne (welche in Moll¬
1591 8815 8222 9106 accorden als Grundtöne und Quinten auftreten) von den kleinen Terzen derselben zu unter¬
1601 9078 8256 9308 scheiden, welche in Duraccorden Grundtöne und Quinten werden können. Letztere sind die
1640 9235 8262 9525 Töne des von uns oben (in § 6) mit aufgeführten dritten Quintensystems, welche wir dort durch
2046 9482 5139 9934 *) Man vergleiche pag. 11 der Harmonik und Metrik.
