9108 11325
4872 780 5020 1020 4
2062 1082 8206 1455 Man erhält die hier noch fehlenden Tonverhältnisse theils durch Fortsetzung der Zahlen¬
1619 1369 8248 1635 reihe, theils dadurch, dass man noch mehrere Intervalle successiv zu Grundtönen macht, wie
1603 1604 8232 1872 z. B. die gr. VII, die IV♯, die V♯ u. s. w. Die Abhängigkeit sämmtlicher Tonbestimmungen von
1619 1879 8231 2120 den drei Grundverhältnissen 2:1, 3:2 und 5:4 spricht sich in dieser Zahlenreihe, wie man
1637 2060 3597 2373 sieht, ganz unmittelbar aus.
4745 2442 5095 2721 § 2.
2084 2683 8227 2924 Die Consonanz der Octave (2:1), welche mit Recht für die vollkommenste gilt*), unter¬
1598 2907 8235 3157 scheidet sich, wie bekannt, wesentlich von den übrigen Consonanzen dadurch, dass sie als ein
1632 3137 8228 3400 Erklingen zweier einander ähnlicher, obgleich an Höhe sehr verschiedener Töne vernommen
1624 3371 8261 3626 wird; daher es denn auch kommt, dass man den oberen und unteren Octaven eines jeden Tones
1615 3635 8244 3864 dieselbe Benennung, wie diesem selbst, giebt. In dieser periodischen Wiederkehr ähnlicher Töne,
1640 3848 8253 4095 welche unser Ohr in den unter sich gleichen Intervallen vom Grundton zur Octave, von dieser
1592 4039 8238 4326 zur zweiten Octave u. s. w. findet, liegt eine ordnende Maasseinheit für das ganze Reich der
1626 4299 8255 4540 Töne. Jede solche Maasseinheit kann nun auf unendlich mannichfache Weise getheilt werden;
1636 4496 8240 4804 daher die unerschöpfliche Menge von sich paarweise zur Octave ergänzenden Intervallen. Selb¬
1610 4704 8239 4959 ständige Intervalle aber, die grösser, als die Octave, wären, giebt es nicht, weil jedem in beliebi¬
1645 4956 8283 5199 ger Höhe über der Octave seines Grundtones liegenden Tone nothwendig ein ebenso weit von
1654 5180 8258 5443 jenem selbst entfernter Ton als tiefere Octave entsprechen muss. Es bleibt demnach ein Intervall
1636 5383 7334 5677 im Grunde dasselbe, wenn es auch um eine oder mehrere Octaven erweitert wird. —
2090 5562 8233 5882 Diese Aehnlichkeit der Octave mit dem Grundton bewirkt es auch, dass in der Harmonie¬
1621 5858 8266 6113 lehre erstere mit letzterem fast als identisch betrachtet wird, und daher auch die (bekanntlich
1621 6094 8250 6342 aus: I., gr. III und V oder I, kl. III und V gebildeten) consonanten Accorde nur als Drei¬
1644 6265 8240 6516 klänge bezeichnet werden, wenn auch die Octave eines der drei Accordtöne als vierter Ton mit¬
1635 6496 8247 6747 erklingt. Es wird dieselbe, sowie jede sonst noch hinzutretende Octave, allezeit nur als Verdoppe¬
1621 6716 8275 7009 lung des betreffenden Accordtones angesehen, durch welche der Harmonie des Dreiklanges nichts
1626 7009 8271 7248 Neues hinzugefügt wird. Es darf daher auch selbstverständlich von den drei Tönen, welche den
1660 7164 8264 7412 Dreiklang bilden, keiner zum anderen in dem Verhältniss 2:1 stehen, weil dies in harmonischer
1657 7423 8270 7710 Bedeutung nur einen Zweiklang geben würde (z. B. C, G, c, oder C, E, e), sondern sie müssen
1623 7615 8227 7901 sich sowohl durch ihre absolute Höhe, als auch durch jene harmonische Divergenz unterscheiden,
1630 7862 8276 8152 welche allen zwischen Grundton und Octave gelegenen Tönen eigen ist**). Die Möglichkeit
1629 8089 8266 8341 consonanter Dreiklänge beruht überhaupt darauf, dass nicht nur das Grundintervall der Octave,
1623 8341 8293 8597 sondern auch das der Quinte eine Theilung in zwei consonante Intervalle gestattet, indem
1664 8525 8277 8802 V = gr. III + kl. III ist. Diese Theilung kann natürlich in zweifacher Richtung erfolgen,
2065 8824 8299 9112 *) Die Prime (1:1) ist als Intervall = 0 und kann daher sehr wohl als Ausgangspunkt an die Spitze
1651 9081 8255 9271 einer Uebersicht über die verschiedenen Intervalle gestellt werden. Als „Consonanz” aber möchten wir dies Ver¬
1663 9242 8300 9464 hältniss zweier akustisch identischer Töne, weil ihnen eben alle Verschiedenheit in dem hier erforderlichen Sinne
1671 9427 5961 9626 fehlt, nicht bezeichnen, sondern als Einklang oder Identität zweier Töne.
2166 9532 8275 9821 **) Für I und VIII ist diese Divergenz = 0; in der Mitte des Octavenintervalles erreicht sie ihr Maximum.
1694 9705 7071 10030 — Man vergleiche Drobisch, über musik. Tonbestimmung und Temperatur, § 23 und § 24.
