9108 11320
4093 640 4300 1093 9
833 1129 7560 1431 von jenen zu diesen (durch 20) tritt aber keineswegs für alle Tonarten in derselben Tonregion
844 1399 7547 1654 ein, sondern benachbarte Scalen harmonisch weit entfernter Tonarten haben auch in ihren Diffe¬
866 1587 7558 1947 renzreihen sehr verschiedene Exponenten von 2. So beginnt z. B. diese Reihe für die Durscala von
860 1862 7551 2169 F-2, dessen absolute Schwingungszahl = 21$$MATH, mit $$MATH, für die von Fis-2. (= 22$$MATH) dagegen
842 2103 1889 2523 mit $$MATH. —
1326 2396 7530 2835 Allgemein ist nun nach der vorigen Tabelle die Reihe der absoluten Schwingungsdiffe¬
832 2719 2497 3046 renzen jeder Durscala:
1310 3020 7501 3458 Jeder Tonart entspricht eine bestimmte Potenz von 3; der Exponent n ist in G dur = 0,
844 3309 7512 3711 in allen weiteren Kreuz-Tonarten positiv, in C dur und sämmtlichen B-Tonarten negativ.
843 3611 7535 3875 3. 3n. 20 etc. ist allgemeine Form der Differenzreihe für eine bestimmte Lage einer jeden Durscala;
856 3855 7548 4127 dagegen 3. 30. $$MATH etc. für alle Lagen der Durscala des bestimmten Tones G. Die Differenzen in
854 4076 7569 4395 den Durscalen je zweier, um gleich viele reine Quinten nach entgegengesetzter Richtung von G
852 4333 7554 4631 entfernter Töne enthalten in den ihnen zukommenden Potenzen von 3 und 2 durchaus reciproke
872 4519 7529 4890 Werthe, z. B. wenn man von der bestimmten Lage der G dur-Scala, für welche die Differenzreihe
845 4735 3098 5172 $$MATH etc. sein würde, ausgeht:
843 5612 2427 6022 oder auch allgemein:
1323 6259 7503 6606 Der Kürze wegen ist hier für die Scala jeder Tonart nur das erste Glied ihrer Differenz¬
840 6452 2098 6767 reihe angegeben.
1320 6675 7546 7004 Es lassen sich diese Differenzen auch als Bruchtheile der absoluten Schwingungszahl des
845 6952 7571 7233 Grundtones einer jeden Scala ausdrücken. Ist nämlich dieselbe = s, so bestimmen sich zunächst
851 7185 7543 7527 die Schwingungszahlen der übrigen Töne der Durscala nach den bekannten Verhältnissen zum
872 7380 2920 7743 Grundton folgendermaassen:
