9108 11333
4138 743 4450 1098 15
954 1101 7671 1452 tieferer Lage, ein sehr verschiedener, positiver oder negativer sein; für eine bestimmte Lage jedes
953 1373 7659 1629 Tones ist er = 0. Es verhält sich demnach mit beiden Exponenten, n und x, ganz so, wie weiter
944 1601 6638 1849 oben (§ 4) bei den Differenzen der absoluten Schwingungszahlen in den Scalen. —
1435 1908 7641 2184 In folgender Uebersicht haben wir grössere Tonreihen der drei Quintensysteme mit ihren
963 2136 7640 2390 relativen Schwingungszahlen gesondert neben einander gestellt und die letzteren zugleich sämmt¬
976 2348 3337 2682 lich durch Q und T ausgedrückt.
1466 8154 7672 8514 Es zeigt sich hier, dass im reinen Quintensystem die relativen Schwingungszahlen der
1014 8488 7672 8822 Töne G, D . . . Cis und die der eine Octave herabgesetzten Töne F, B . . . Ces reciproke Werthe
996 8757 7674 9101 sind ($$MATH u. s. w.). Dieselbe Reciprocität findet statt für die Töne der
973 9036 7671 9360 2ten Classe es . . . eis mit den um eine Octave vertieften 3ter Classe a′ . . . asas′. Jedes der drei
987 9288 7655 9573 Quintensysteme könnte nach beiden Seiten in's Unendliche fortgeführt werden, ohne dass man
1017 9543 7655 9809 je auf einen schon dagewesenen Ton zurückkäme; denn die Potenzen von Q wachsen immer
1009 9768 7646 10044 mehr, je weiter man sich in der einen oder der anderen Richtung vom Ausgangston entfernt,
