9108 11175
4677 645 5002 1034 26
1500 1011 8160 1372 von der Reinheit verträgt, als bei der grossen Terz*), so muss man auch von diesen temperirten
1522 1330 8138 1571 Systemen diejenigen, in welchen die grössere Abweichung die grosse Terz trifft, als die musika¬
1553 1557 8170 1839 lisch befriedigenderen bezeichnen. Es ist dies Letztere übrigens in den meisten der Fall; die
1531 1752 8147 2114 Quint weicht nur in den dem System der reinen grossen Terz am nächsten kommenden Tempe¬
1497 1996 5484 2331 raturen mehr von der Reinheit ab, als die grosse Terz. —
4660 2525 5085 2868 § 14.
1981 2786 8116 3158 Im reinen Quintensystem war, wie wir sahen (§ 6), die Zahl der Töne deshalb eine un¬
1530 3087 8124 3383 begrenzte, weil, soweit man auch nach oben oder nach unten in Quinten fortschreiten mochte,
1487 3326 8147 3578 doch nie eine höhere oder tiefere Octave irgend eines schon dagewesenen Tones erreicht werden
1507 3529 8156 3833 konnte, sondern man auf der einen Seite in 3-, 4- und mehr-fach erhöhte, auf der anderen in
1527 3803 8133 4086 3-, 4- und mehr-fach erniedrigte Töne gerieth. Dagegen enthält jedes gleichschwebend temperirte
1483 4023 8132 4295 System, in welchem das Quintenintervall (q′) so abgeändert ist, dass es zu dem der Octave in
1547 4198 8109 4440 irgend einem rationalen Verhältniss steht, nur eine endliche Zahl von verschiedenen Tönen;
1527 4425 8155 4646 denn sei $$MATH, verhalten sich also die Intervalle der Octave und der Quinte wie zwei
1524 4636 8130 4933 positive ganze Zahlen a und b, so ist $$MATH und $$MATH, d. h. die ate temperirte Quint fällt
1490 4870 8139 5175 zusammen mit der bten Octave des Grundtones. Eine auf diese Weise in eine höhere Octave des
1482 5085 8120 5303 Ausgangstones zurückführende Reihe temperirter Quinten nennt man bekanntlich einen Quin¬
1523 5284 8162 5601 tencirkel, und da natürlich auch Quarten, Terzen etc. so temperirt werden können, so spricht
1500 5537 8150 5842 man auch von Quarten- und Terzen-Cirkeln. Je kleiner ein solcher Cirkel ist, desto geringer
1497 5765 8114 6063 ist die Zahl der verschiedenen Töne. Da nun für die Instrumente mit gebundener Intonation,
1518 5988 8124 6247 wenn ihr Mechanismus nicht gar zu complicirt und ihre Behandlung für den Spieler nicht gar
1508 6208 8146 6514 zu schwierig werden sollte, eine Beschränkung auf möglichst wenige verschiedene Töne innerhalb
1507 6437 8134 6646 der Octave practisches Bedürfniss war, so hat man für sie den kleinsten brauchbaren Quinten¬
1480 6640 8140 6912 cirkel gewählt und 12 Quinten = 7 Octaven gesetzt, also $$MATH, woraus sich die sämmtlichen
1504 6868 4343 7140 Intervalle folgendermaassen bestimmen:
1973 9313 6005 9683 *) Weshalb auch erstere mit Recht als vollkommenere Consonanz gilt.
