9108 11266
4099 660 4361 1029 33
920 967 7542 1405 verschiedene Bezeichnung von jenen grossen Terz-Tönen gesondert haben. Es wird sich weiter
911 1313 7524 1589 unten Gelegenheit bieten, das System Hauptmann's noch näher zu besprechen; daher wir das¬
901 1581 3022 1848 selbe jetzt verlassen wollen. —
4012 1978 4455 2271 § 19.
1393 2186 7568 2559 Die bereits öfters von uns genannte Abhandlung von Drobisch „über musikalische
935 2483 7566 2775 Tonbestimmung und Temperatur” hat auf musikalisch-akustischem Gebiet eine solche Klarheit
908 2755 7564 3038 verbreitet und so viele bisher bestehende Irrthümer gründlich widerlegt und berichtigt, dass man
919 3015 7541 3264 sie unbedingt als die bedeutendste Schrift, welche in neuerer Zeit über diesen Gegenstand er¬
902 3254 7559 3512 schienen ist, bezeichnen muss. Bei den reichhaltigen Untersuchungen über die verschiedenen
954 3478 7542 3742 Temperaturen und der Beurtheilung des musikalischen Werthes derselben hat sich aber die Be¬
938 3672 7595 3895 rücksichtigung als ganz besonders fruchtbringend für die musikalische Akustik erwiesen, welche
945 3873 7550 4157 Drobisch der freien Intonation, wie sie auf den Streichinstrumenten stattfindet, hat wider¬
924 4155 7589 4424 fahren lassen. Dass nämlich in derselben die Töne fis, cis, gis etc. durchgängig höher liegen, als
938 4385 7569 4634 ges, des, as etc., eine Thatsache, auf welche schon Herbart nachdrücklich hingewiesen hatte*),
954 4552 7584 4835 war ja in den musikalisch-theoretischen Schriften bisher merkwürdiger Weise theils in Abrede
955 4825 7594 5074 gestellt, theils ignorirt, theils wenigstens nicht für so wichtig erachtet worden, als es wirklich
945 5006 7542 5265 ist. Indem nun Drobisch auf diese Thatsache das gebührende Gewicht legte, musste er den¬
988 5247 7550 5530 jenigen gleichschwebenden Temperaturen, in welchen die Lage der Töne jener Intonation ent¬
944 5481 7540 5737 spricht, den Vorzug vor denen mit entgegengesetzter Lage geben, und die 12-stufige Temperatur,
945 5712 7541 5995 in welcher fis = ges etc., gewann somit die Bedeutung einer mittleren, wie wir sie oben (§ 14)
952 5954 7591 6203 charakterisirt haben; zugleich aber war es entschieden, auf welcher Seite von dieser Grenzscheide
949 6180 7597 6446 die musikalisch brauchbareren Tonsysteme gelegen seien. Die 53-stufige Temperatur, in welcher
942 6400 7599 6675 $$MATH, wird daher von Drobisch (§ 56) sehr richtig als diejenige bezeichnet, welcher sich die
968 6599 7625 6863 freie Intonation auf den Streichinstrumenten wohl sehr nahe anschliesse. Es stimmt aber diese
952 6838 7591 7094 Temperatur fast genau (nämlich noch in den Tausendtheilen der Intervallwerthe) mit dem alten,
951 7080 7598 7346 pythagoreischen Tonsystem überein, welches bis in's 16. Jahrhundert das herrschende
975 7253 7632 7568 war und erst durch die von Zarlino eingeführte sogenannte reine grosse Terz (5:4) verdrängt
1371 7681 7581 7988 *) Im §. 89 seiner Abhandlung „über die Tonlehre” (psycholog. Untersuchungen, Heft I; Werke, heraus¬
967 7884 7589 8150 gegeben von Hartenstein, Bd. 7), einem Versuch, die mathematische Psychologie auf die Tonverhältnisse
961 8074 7634 8315 anzuwenden, welcher wegen seines ganz esoterischen Charakters auch von musikalischen Theoretikern vielleicht
984 8266 7606 8452 nur wenig beachtet worden ist. Das neuerdings von Zamminer in seinem bereits pag. 2 von uns citirten Werke
1000 8431 7587 8611 (pag. 144) über diese Arbeit Herbart's gefällte Urtheil zeigt weder von richtigem Verständniss derselben, noch
997 8596 7628 8760 ist es in einem, dem bedeutenden Philosophen gegenüber angemessenen Tone abgefasst. Es sei nur bemerkt, dass
981 8741 7578 8939 Herbart weder von „einem Consoniren in Liebe”, noch von einem „Gemüth der Quinte, in welchem die Feind¬
970 8915 7634 9062 schaft eben noch der Liebe Herr geworden”, und ähnlichen seltsamen, von Zamminer berichteten Dingen
998 9078 7637 9257 spricht, und dass seine Untersuchungen, wenn sie auch noch nicht zu ganz befriedigenden Resultaten geführt
999 9231 7638 9428 haben, doch keineswegs für „philosophische Seifenblasen” zu erklären sein dürften. Zu klarem Verständniss und
965 9394 7630 9600 richtiger Würdigung derselben gelangt man am Besten durch das Studium der Abhandlung Drobisch’s über
996 9549 7609 9790 die mathematische Bestimmung der musikalischen Intervalle (Abhandlungen, herausgegeben von der fürstl. Jablo¬
1001 9730 3458 10003 nowski'schen Gesellschaft, Leipzig 1846).
