9108 11229
4704 700 4953 1038 44
1497 1047 8136 1416 gr. III 5:4 bei sanften Schlussaccorden wirklich angewendet wird, und in solchen Fällen etwas
1496 1389 8135 1639 angenehm Beruhigendes für das Ohr hat (im forte dürfte wohl die entschiedenere pythagoreische
1531 1553 8072 1834 gr. III 81: 64 *) vorgezogen werden), und hierin liegt vielleicht die oft gerühmte Schönheit **)
1521 1816 8136 2063 des genau nach den Verhältnissen 4:5 und 5:6 gestimmten Duraccordes. Man wird aber bei
1529 2009 8127 2288 der physicalischen Bestimmung der Tonverhältnisse desselben auf den harmonischen Fortgang,
1530 2252 8128 2490 durch welchen die gr. III so häufig die Bedeutung des Leittones erhält, wohl nicht Rücksicht
1548 2483 8097 2731 genommen, sondern eben nur sich bestrebt haben, den isolirten Accord an sich in möglichst be¬
1522 2680 8112 2944 friedigenden Verhältnissen festzustellen, und was war da natürlicher, als dass man ein so ein¬
1522 2903 8095 3190 faches Verhältniss, wie 5:4, indem es sich als wohlgeeignet für die gr. III in reinen Einzel¬
1507 3131 7760 3393 Accorden herausstellte, als das überhaupt gültige für dieses wichtige Intervall bezeichnete! —
4616 3587 5054 3939 § 23.
2031 3775 8169 4169 Wir wollen, im Anschluss an das soeben über die musikalisch nothwendige Lage der
1580 4120 8162 4389 grossen Terz Erwähnte, in Kürze untersuchen, ob die im reinen Quintensystem den verschiedenen
1531 4333 8162 4611 Tönen zukommende Lage sich überhaupt mit den Gesetzen der Stimmenfortschreitung überein¬
1553 4568 8151 4855 stimmend erweist. Es ist hier aber nur die durch die Accordverbindung bedingte nothwendige
1559 4801 8140 5031 Fortschreitung eines Tones entweder nach oben, oder nach unten speciell in's Auge zu fassen,
1545 5021 8127 5322 da andere ungebundene Stimmenführung an sich noch nicht so entschieden auf eine ganz be¬
1540 5247 8171 5474 stimmte Lage der Töne hinweist. Bekanntlich findet jene Nothwendigkeit eines Fortganges in
1545 5466 3482 5782 bestimmter Richtung statt:
4303 5689 5396 5990 1) nach oben:
1537 5941 8135 6192 a) für die als Leitton bezeichnete grosse Terz jedes Accordes, welcher Oberdominant-Dreiklang
1554 6150 8185 6441 des auf ihn folgenden ist, und zwar führt dieselbe der Regel nach in ihre obere kl. II, den
2621 6356 8177 6634 Grundton des zweiten Accordes. Wo hiervon abgewichen wird, geschieht dies
2601 6564 8165 6833 entweder, weil die im folgenden Accord unentbehrliche gr. III von keiner anderen
2610 6809 8215 7054 Stimme übernommen werden kann, oder weil einer solchen bereits ein Vorhalt
1552 7007 8166 7311 vor dem Grundton jenes Accordes gegeben ist, oder auch, weil es die Melodie grade erfordert;
1562 7245 7282 7549 dabei findet aber die Fortbewegung mit seltenen Ausnahmen nur hinaufwärts statt:
1946 8230 8126 8607 *) Wie man über diese grosse Terz bei Gelegenheit ihres Vorkommens in der Kirnberger'schen Tempe¬
1564 8476 8170 8722 ratur ohne Weiteres abgeurtheilt hat, davon mag nur folgende Aeusserung Marpurg’s (Versuch über die musi¬
1557 8693 8205 8923 kalische Temperatur, § 231) als Beispiel dienen: „Gewiss, mir schaudert das Ohr, wenn ich an das Es- und As-dur
1566 8850 8197 9062 in der Temperatur des Herrn Kirnberger gedenke. Da ist ein Wettstreit von falschen Intervallen” (nämlich die
1564 9057 8179 9222 pythagoreischen grossen Terzen: B:D, Es:G, As:C, Des:F und kleine Terzen: D:F, G:B, C:Es etc.).
1577 9191 8208 9404 Daher adoptirt auch Marpurg (historisch-kritische Beiträge Bd. V, pag. 521) auf den Rath eines Ungenannten
1580 9361 6447 9560 die Verhältnisse 32:27 und 81:64 geradezu für verminderte und übermässige Terz.
2041 9491 8212 9721 **)So sagt Zamminer (pag. 351): „Nichts aber gleicht dem Zauber in dem reinen Abfluss der Accorde,
1596 9673 8211 9961 welche nicht temperirt, sondern in mathematisch reinen Verhältnissen mit Hülfe der Schwebungen gestimmt sind.”
