9108 11195
4785 650 4996 1040 42
1518 1147 8151 1580 Sinne: $$MUSIC dieselbe Dissonanz der IV♯, dagegen: $$MUSIC lediglich
1533 1736 8117 2030 Dissonanz der V♭. Auf specielle Eigenschaften der verschiedenen Dissonanzen, auf die mannich¬
1500 1972 8149 2212 fachen Modificationen, welche in verschiedener harmonischer Verbindung ihre Auflösungen
1541 2164 8173 2418 betreffen können, auf deren Verzögerung, Uebergehung etc. können wir hier natürlich nicht
1525 2372 2381 2677 eingehen. —
2032 2636 8146 2914 Wir verhehlen uns übrigens keineswegs, dass dieser Versuch, eine Erklärung des Unter¬
1514 2889 8139 3140 schiedes von Consonanz und Dissonanz anzubahnen, nur eine, sichererer Begründung noch sehr
1521 3029 8146 3339 bedürfende Hypothese ist. Es wäre besonders nöthig, volle Klarheit darüber zu erlangen, aus
1511 3301 8160 3548 welchem Grunde manche zweifache harmonische Bedeutungen eines oder zweier Beziehungstöne
1522 3547 7512 3825 sich aufheben, andere dagegen widersprechend bleiben und so Dissonanz hervorrufen. —
4689 4009 5018 4400 § 22.
1996 4277 8176 4664 Das reine Quintensystem, in welchem die relativen Schwingungszahlen sämmtlicher Töne
1513 4620 8137 4877 eine von dem Grundton (1 = Q0) nach zwei entgegengesetzten Richtungen, einer positiven und
1544 4892 8144 5106 negativen, in's Unendliche fortlaufende Reihe von Potenzen des Quintverhältnisses (Q) bilden,
1513 5061 8170 5336 hat hierdurch den Vorzug des strengsten Zusammenhanges aller seiner Bestimmungen und somit
1540 5327 8140 5609 der logischen Einfachheit vor den bisher geltenden, nicht von einheitlicher Wurzel stam¬
1528 5534 8185 5820 menden Tonverhältnissen. Es entspricht auch genau der musikalischen Notation und ihrer in
1543 5739 8134 5971 Quinten fortschreitenden Unterscheidung der Tonarten, kennt daher, wie jene, weder eine wirk¬
1534 5946 8151 6218 liche akustische Verschiedenheit der gr. VI eines Tones von (der tieferen Octave) seiner dritten
1519 6207 8151 6430 oberen Quinte, oder der kl. III von der (2 Octaven erhöhten) dritten unteren Quinte, noch ein
1557 6423 8165 6679 von Es-dur, D-moll etc. verschiedenes es′-dur, d-moll u. s. w. Hier ist der Ort, wo wir nochmals
1517 6646 8158 6908 auf die Theorie Hauptmann's zurückkommen müssen. Indem mit der Wiederaufnahme des
1528 6902 8170 7134 reinen Quintensystems jene mehrfachen akustischen Bestimmungen der in der Notenschrift
1548 7089 8156 7400 gleichbenannten Töne wegfallen, werden die von Hauptmann damit in Verbindung gebrachten
1534 7325 8166 7580 verschiedenen harmonischen Bedeutungen gar nicht wesentlich geändert; für das musikalische
1545 7520 8178 7807 Denken bleiben sie nothwendig verschiedene; man fasst z. B. denselben Ton, A, je nachdem er
1526 7765 8159 8056 in dieser oder jener harmonischen Verbindung erscheint, entweder als gr. VI von C, oder als V
1537 7969 8186 8201 der gr. II dieses Tones, ebenso denselben Ton B entweder als kl. VII von C, oder als V seiner
1499 8197 8156 8437 kl. III auf; A und B bleiben aber in allen harmonischen Verbindungen ihrer Tonhöhe nach
1548 8453 8180 8731 ganz dieselben*); sie machen allerdings einen anderen Effect, je nachdem sie als V, IV, gr. II
1539 8651 8172 8947 und kl. VII, oder als vermittelte Consonanzen (Terzen und Sexten) auftreten; dieser Unterschied
1491 8879 8165 9209 ist aber ein rein geistiger, welcher, um zur Geltung zu kommen, nicht erst des materiellen
1959 9257 8155 9548 *) Wir sehen hier natürlich von aller zufälligen Nüancirung, von bisweiliger schärferer oder stumpferer
1537 9496 8161 9729 Intonation der Intervalle etc. ab. In der nach idealer Reinheit wohl strebenden, aber sie nie vollständig erreichen¬
1526 9659 5365 9956 den Praxis finden solche kleine Abweichungen nothwendig statt. —
