9108 11170
4217 731 4520 1041 51
1056 1076 7626 1394 tauscht, und es fragt sich nun, welcher Art in beiden Fällen die Aenderung der Tonhöhe ist.
1065 1318 7611 1618 Nach den bisher geltenden akustischen Bestimmungen würde ein erhöhter, für den ihm nächst¬
1089 1559 7660 1871 liegenden erniedrigten durch enharmonische Verwechselung eintretender Ton tiefer, als dieser
1064 1814 7634 2052 zu intoniren sein, also in obigen Beispielen fis, h, eis tiefer, als ges, ces, f. Dies ist aber eine
1081 2010 7651 2312 dem entschiedenen Leitton-Charakter jener Töne durchaus widersprechende Annahme *) (siehe
1067 2238 7621 2532 § 24). Umgekehrt kann ebenso wenig ein für h, fis, eis etc. auf jene Weise eintretendes ces,
1063 2535 7641 2734 ges, f etc. höher intonirt werden, weil ja diese erniedrigten Töne vermöge ihrer harmonischen
1067 2687 7662 2981 Bedeutung die entschiedene Tendenz haben, sich abwärts fortzubewegen, also nothwendig näher
1070 2932 7641 3204 zu b, f und e liegen müssen, als h, fis und eis. Es zeigt sich also auch hier an dem speciellen
1108 3128 7622 3413 Vorgang der enharmonischen Verwechselung die Nothwendigkeit, eine dem reinen Quinten¬
1073 3378 5981 3653 systeme entsprechende Lage der Töne als einzig richtige anzuerkennen. —
4155 3850 4586 4171 § 26.
1576 4120 7641 4438 Wenn wir die enharmonische Verwechselung, trotz ihrer oft überraschenden Wirkung
1063 4406 7633 4643 doch nur als eine Erschleichung bezeichnen und ihre gar zu häufige Anwendung in einem
1096 4588 7634 4855 Musikstücke für unstatthaft erklären müssen, so scheint Dasselbe, wenn auch vielleicht nicht in
1089 4799 7643 5058 dem Maasse, auch von der, wir möchten sagen feineren Vertauschung zu gelten, welche bei
1088 5076 7626 5338 Annahme der im § 22 besprochenen mehrfachen akustischen Bestimmungen für die in der Noten¬
1055 5322 7658 5560 schrift nicht unterschiedenen Töne in der Modulation unvermeidlich wird. Die allernächsten
1095 5532 7682 5772 Modulationen nämlich würden schon eine akustische Veränderung desselben Tones hier und da
1085 5759 7623 6012 erfordern, wie man sich leicht überzeugen kann, wenn man die Scalen nächstverwandter Ton¬
1072 6005 5441 6234 arten nach reinen akustischen Verhältnissbestimmungen bildet:
1579 7511 7661 7845 Wir möchten nun fragen, ob es wohl natürlich sei, wirkliche Höhenunterschiede zwischen
1086 7793 7664 8101 gr. II oder V einer Durtonart und IV oder kl. III ihrer verwandten Molltonart anzunehmen, so
1095 8073 4789 8381 dass bei ganz einfachen Modulationen, wie folgenden:
1494 9454 6810 9947 *) Denn sie müssen der Natur der Sache nach näher zu g, c und fis liegen, als ges, ces und f.
