<?xml version="1.0" encoding="UTF-8" standalone="yes"?>
<PcGts xmlns="http://schema.primaresearch.org/PAGE/gts/pagecontent/2013-07-15" xmlns:xsi="http://www.w3.org/2001/XMLSchema-instance" xsi:schemaLocation="http://schema.primaresearch.org/PAGE/gts/pagecontent/2013-07-15 http://schema.primaresearch.org/PAGE/gts/pagecontent/2013-07-15/pagecontent.xsd">
    <Metadata>
        <Creator>prov=University of Rostock/Institute of Mathematics/CITlab|PLANET AI GmbH/Gundram Leifert/gundram.leifert@planet-ai.de:name=ONB_Newseye_GT_M1+(htr_id=10810)::::v=2.6.7
prov=University of Rostock/Institute of Mathematics/CITlab|PLANET AI GmbH/Tobias Gruening/tobias.gruening@planet-ai.de:name=de.uros.citlab.module.baseline2polygon.B2PSeamMultiOriented:v=2.6.7
prov=University of Rostock/Institute of Mathematics/CITlab|PLANET AI GmbH/Tobias Gruening/tobias.gruening@planet-ai.de:name=/net_tf/LA73_249_0mod360.pb:de.uros.citlab.segmentation.CITlab_LA_ML:v=2.6.6
Transkribus</Creator>
        <Created>2020-12-03T18:19:45.655+01:00</Created>
        <LastChange>2021-08-18T16:54:25.672+02:00</LastChange>
        <TranskribusMetadata docId="738029" pageId="28086251" pageNr="51" tsid="62790912" status="DONE" userId="74363" imgUrl="https://files.transkribus.eu/Get?id=YOWHLMISMHLUWBMUYHYXUQGL&amp;fileType=view" xmlUrl="https://files.transkribus.eu/Get?id=BHSQAFZOPZUVTKMDUUBFFFPX" imageId="21871029"/>
    </Metadata>
    <Page imageFilename="Naumann1858-0051.jpg" imageWidth="9108" imageHeight="11150" type="content">
        <ReadingOrder>
            <OrderedGroup id="ro_1630575158794" caption="Regions reading order">
                <RegionRefIndexed index="0" regionRef="TextRegion_1611518521923_376"/>
                <RegionRefIndexed index="1" regionRef="TextRegion_1611518521922_375"/>
                <RegionRefIndexed index="3" regionRef="TextRegion_1611518514552_367"/>
                <RegionRefIndexed index="4" regionRef="TextRegion_1611518511458_363"/>
            </OrderedGroup>
        </ReadingOrder>
        <TextRegion orientation="0.0" type="heading" id="TextRegion_1611518521923_376" custom="readingOrder {index:0;} structure {type:heading;}">
            <Coords points="1632,3287 8178,3287 8178,4403 1632,4403"/>
            <TextLine id="r2l1" custom="readingOrder {index:0;} textStyle {offset:0; length:18;fontSize:0.0; kerning:0; bold:true;}">
                <Coords points="4040,3505 5802,3491 5803,3189 5698,3140 5396,3179 5209,3071 4752,3207 4572,3206 4410,3108 4042,3154"/>
                <Baseline points="4082,3340 4165,3342 4249,3346 4333,3348 4417,3350 4501,3352 4585,3352 4669,3354 4753,3354 4837,3354 4921,3354 5004,3354 5088,3354 5172,3354 5256,3354 5340,3354 5424,3354 5508,3354 5592,3354 5676,3354 5760,3354"/>
                <TextEquiv>
                    <Unicode>Dritter Abschnitt.</Unicode>
                </TextEquiv>
            </TextLine>
            <TextLine id="r2l2" custom="readingOrder {index:1;} concept_mus {offset:26; length:24;}">
                <Coords points="1617,3944 8221,3992 8222,3715 7741,3688 1618,3724"/>
                <Baseline points="1656,3926 1982,3927 2308,3928 2634,3928 2960,3930 3286,3930 3612,3932 3938,3934 4264,3934 4590,3936 4917,3938 5243,3938 5569,3940 5895,3942 6221,3942 6547,3944 6873,3944 7199,3946 7525,3946 7851,3946 8178,3946"/>
                <TextEquiv>
                    <Unicode>Ueber das Verhältniss des pythagoreischen Systemes zu den Grundsätzen</Unicode>
                </TextEquiv>
            </TextLine>
            <TextLine id="r2l3" custom="readingOrder {index:2;} concept_mus {offset:4; length:21;}">
                <Coords points="3699,4232 6088,4251 6089,4022 5910,3973 4589,4073 4499,3999 3700,4020"/>
                <Baseline points="3742,4206 3857,4208 3972,4210 4087,4210 4202,4212 4317,4214 4432,4214 4547,4216 4662,4216 4777,4218 4893,4218 5008,4218 5123,4220 5238,4220 5353,4220 5468,4220 5583,4218 5698,4218 5813,4218 5928,4216 6044,4214"/>
                <TextEquiv>
                    <Unicode>der musikalischen Theorie.</Unicode>
                </TextEquiv>
            </TextLine>
            <TextEquiv>
                <Unicode>Dritter Abschnitt.
Ueber das Verhältniss des pythagoreischen Systemes zu den Grundsätzen
der musikalischen Theorie.</Unicode>
            </TextEquiv>
        </TextRegion>
        <TextRegion orientation="0.0" type="paragraph" id="TextRegion_1611518521922_375" custom="readingOrder {index:1;} structure {type:paragraph;}">
            <Coords points="1632,4403 8178,4403 8178,7853 1632,7853"/>
            <TextLine id="r2l4" custom="readingOrder {index:0;}">
                <Coords points="4722,4858 4771,4856 4802,4822 4875,4819 4954,4758 5109,4767 5093,4401 5044,4403 4942,4481 4704,4459"/>
                <Baseline points="4754,4730 4780,4725 4806,4721 4833,4717 4859,4715 4885,4714 4912,4712 4938,4712 4964,4712 4991,4712 5017,4712 5043,4712 5070,4714"/>
                <TextEquiv>
                    <Unicode>§ 20.</Unicode>
                </TextEquiv>
            </TextLine>
            <TextLine id="r2l5" custom="readingOrder {index:1;} concept_mus {offset:20; length:19;} person_author {offset:44; length:11;ID:P0098;}">
                <Coords points="2070,5063 8185,5182 8186,4888 6702,4769 2071,4793"/>
                <Baseline points="2112,5048 2413,5052 2715,5053 3016,5054 3318,5056 3619,5058 3921,5058 4222,5058 4524,5060 4825,5060 5127,5060 5428,5062 5730,5062 6031,5062 6333,5064 6634,5066 6936,5066 7237,5068 7539,5070 7840,5073 8142,5076"/>
                <TextEquiv>
                    <Unicode>Indem die neue, das reine Quintensystem der Pythagoreer wieder aufnehmende Ansicht</Unicode>
                </TextEquiv>
            </TextLine>
            <TextLine id="r2l6" custom="readingOrder {index:2;} concept_phy {offset:48; length:18;}">
                <Coords points="1617,5290 8189,5374 7978,5120 1618,5119"/>
                <Baseline points="1662,5272 1986,5274 2310,5276 2634,5277 2958,5278 3283,5280 3607,5280 3931,5280 4255,5282 4579,5282 4904,5282 5228,5284 5552,5284 5876,5286 6200,5288 6525,5290 6849,5292 7173,5294 7497,5297 7821,5301 8146,5304"/>
                <TextEquiv>
                    <Unicode>von den drei, bisher anerkannten, selbständigen Grundverhältnissen: 2:1, 3:2 und 5:4 das</Unicode>
                </TextEquiv>
            </TextLine>
            <TextLine id="r2l7" custom="readingOrder {index:3;} textStyle {offset:13; length:7;fontSize:0.0; kerning:0; letterSpaced:true;} person_author {offset:13; length:7;ID:P0010;} m_interval {offset:29; length:11;} m_interval {offset:86; length:6;}">
                <Coords points="1618,5583 8198,5656 8199,5363 7645,5312 1619,5355"/>
                <Baseline points="1658,5496 1983,5498 2308,5498 2633,5500 2958,5502 3283,5502 3608,5503 3933,5504 4258,5504 4583,5506 4909,5506 5234,5506 5559,5508 5884,5508 6209,5510 6534,5512 6859,5514 7184,5516 7509,5518 7834,5522 8160,5524"/>
                <TextEquiv>
                    <Unicode>letzte, seit Zarlino für die grosse Terz geltende wieder aufgiebt und das von dem der Quinte</Unicode>
                </TextEquiv>
            </TextLine>
            <TextLine id="r2l8" custom="readingOrder {index:4;}">
                <Coords points="1609,5763 7732,5852 8173,5641 1609,5608"/>
                <Baseline points="1652,5718 1976,5720 2300,5722 2624,5722 2948,5724 3272,5726 3596,5726 3920,5728 4244,5728 4568,5729 4893,5730 5217,5731 5541,5732 5865,5734 6189,5734 6513,5736 6837,5738 7161,5740 7485,5742 7809,5744 8134,5746"/>
                <TextEquiv>
                    <Unicode>abgeleitete 81:64 an seine Stelle setzt, tritt sie entschieden in Widerspruch zu dem Satze, dass</Unicode>
                </TextEquiv>
            </TextLine>
            <TextLine id="r2l9" custom="readingOrder {index:5;} concept_mus {offset:4; length:10;} concept_phy {offset:4; length:10;} concept_mus {offset:20; length:10;} concept_phy {offset:20; length:10;} m_note {offset:35; length:4;} concept_phy {offset:90; length:4; continued:true;}">
                <Coords points="1604,5998 8143,6084 7932,5781 1605,5770"/>
                <Baseline points="1646,5944 1968,5946 2291,5946 2614,5946 2937,5946 3260,5948 3582,5948 3905,5950 4228,5950 4551,5952 4874,5952 5196,5954 5519,5956 5842,5956 6165,5958 6488,5958 6810,5960 7133,5960 7456,5962 7779,5962 8102,5964"/>
                <TextEquiv>
                    <Unicode>das Consoniren oder Dissoniren der Töne mit der grösseren oder geringeren Einfachheit der Ver¬</Unicode>
                </TextEquiv>
            </TextLine>
            <TextLine id="r2l10" custom="readingOrder {index:6;} concept_phy {offset:0; length:9; continued:true;} concept_phy {offset:16; length:17;}">
                <Coords points="1595,6228 8183,6290 8184,6054 7850,6003 1596,5992"/>
                <Baseline points="1640,6160 1965,6162 2290,6164 2615,6166 2940,6168 3266,6170 3591,6170 3916,6172 4241,6174 4566,6174 4892,6176 5217,6177 5542,6178 5867,6180 6192,6180 6518,6182 6843,6184 7168,6186 7493,6188 7818,6189 8144,6192"/>
                <TextEquiv>
                    <Unicode>hältnisse ihrer Schwingungszahlen zusammenhänge (§ 1), welcher noch in neuester Zeit von</Unicode>
                </TextEquiv>
            </TextLine>
            <TextLine id="r2l11" custom="readingOrder {index:7;} textStyle {offset:0; length:5;fontSize:0.0; kerning:0; letterSpaced:true;} person_author {offset:0; length:5;ID:P0092;} textStyle {offset:10; length:8;fontSize:0.0; kerning:0; letterSpaced:true;} person_author {offset:10; length:8;ID:P0058;} work_text {offset:47; length:6;ID:W0112\u003b\u0020W0113;} concept_mus {offset:75; length:5;}">
                <Coords points="1615,6439 8146,6464 7747,6234 1615,6219"/>
                <Baseline points="1652,6388 1974,6390 2297,6390 2620,6392 2942,6392 3265,6394 3588,6394 3910,6396 4233,6396 4556,6398 4879,6400 5201,6400 5524,6402 5847,6402 6169,6404 6492,6406 6815,6406 7137,6408 7460,6410 7783,6412 8106,6414"/>
                <TextEquiv>
                    <Unicode>Opelt und Zamminer (in ihren bereits genannten Werken) als Grundgesetz der Musik be¬</Unicode>
                </TextEquiv>
            </TextLine>
            <TextLine id="r2l12" custom="readingOrder {index:8;} m_interval {offset:42; length:6;} m_interval {offset:53; length:6;} concept_phy {offset:75; length:17; continued:true;}">
                <Coords points="1605,6652 8169,6636 8112,6424 1606,6440"/>
                <Baseline points="1648,6606 1972,6610 2296,6612 2620,6614 2944,6615 3268,6616 3592,6618 3916,6620 4240,6620 4564,6622 4889,6622 5213,6624 5537,6624 5861,6626 6185,6626 6509,6628 6833,6630 7157,6630 7481,6632 7805,6634 8130,6636"/>
                <TextEquiv>
                    <Unicode>zeichnet worden ist. Denn es sind die den Terzen und Sexten entsprechenden relativen Schwin¬</Unicode>
                </TextEquiv>
            </TextLine>
            <TextLine id="r2l13" custom="readingOrder {index:9;} concept_phy {offset:0; length:11; continued:true;} concept_mus {offset:18; length:22;} m_interval {offset:70; length:15;}">
                <Coords points="1600,6903 8188,6957 8189,6713 7863,6671 1601,6683"/>
                <Baseline points="1644,6842 1969,6840 2294,6840 2619,6840 2944,6840 3269,6840 3594,6840 3919,6840 4244,6842 4569,6842 4894,6844 5219,6846 5544,6846 5869,6848 6194,6850 6519,6852 6844,6854 7169,6855 7494,6856 7819,6858 8144,6860"/>
                <TextEquiv>
                    <Unicode>gungszahlen *) im pythagoreischen System weniger einfach, als die der grossen Secunde und</Unicode>
                </TextEquiv>
            </TextLine>
            <TextLine id="r2l14" custom="readingOrder {index:10;} m_interval {offset:0; length:15;} concept_mus {offset:37; length:10;} concept_phy {offset:37; length:10;} m_interval {offset:48; length:10;} concept_phy {offset:73; length:11;} m_note {offset:89; length:4;}">
                <Coords points="1594,7149 8183,7126 7939,6913 1595,6896"/>
                <Baseline points="1632,7056 1957,7057 2283,7059 2609,7060 2934,7062 3260,7064 3586,7064 3911,7066 4237,7066 4563,7068 4889,7068 5214,7070 5540,7071 5866,7072 6191,7074 6517,7074 6843,7076 7168,7078 7494,7080 7820,7082 8146,7084"/>
                <TextEquiv>
                    <Unicode>kleinen Septime, welche doch bereits dissonante Intervalle sind, die das Verhältniss der Töne</Unicode>
                </TextEquiv>
            </TextLine>
            <TextLine id="r2l15" custom="readingOrder {index:11;} m_chord {offset:4; length:4;} m_chord {offset:17; length:15;} concept_phy {offset:47; length:6;}">
                <Coords points="1623,7321 8187,7407 7984,7104 1624,7150"/>
                <Baseline points="1662,7278 1986,7280 2310,7281 2634,7282 2958,7284 3282,7286 3606,7286 3930,7288 4254,7289 4578,7290 4903,7292 5227,7292 5551,7294 5875,7296 6199,7298 6523,7298 6847,7300 7171,7302 7495,7304 7819,7306 8144,7308"/>
                <TextEquiv>
                    <Unicode>des Dur- wie des Moll-Dreiklangs ausdrückenden Zahlen viel grössere, als nach den bisherigen</Unicode>
                </TextEquiv>
            </TextLine>
            <TextLine id="r2l16" custom="readingOrder {index:12;} concept_phy {offset:0; length:24;}">
                <Coords points="1622,7608 8154,7594 8033,7390 1624,7323"/>
                <Baseline points="1662,7500 1984,7502 2306,7504 2629,7506 2951,7508 3274,7510 3596,7512 3918,7512 4241,7514 4563,7516 4886,7518 5208,7518 5530,7520 5853,7522 6175,7524 6498,7526 6820,7528 7142,7530 7465,7532 7787,7534 8110,7538"/>
                <TextEquiv>
                    <Unicode>akustischen Bestimmungen, und zwar für den ersteren noch grösser, als für den letzteren, wäh¬</Unicode>
                </TextEquiv>
            </TextLine>
            <TextLine id="r2l17" custom="readingOrder {index:13;}">
                <Coords points="1606,7785 3065,7898 3457,7777 3799,7876 4134,7763 4460,7871 4379,7585 1607,7614"/>
                <Baseline points="1650,7728 1788,7728 1927,7729 2065,7730 2204,7730 2343,7732 2481,7732 2620,7732 2758,7734 2897,7734 3036,7735 3174,7736 3313,7736 3451,7736 3590,7738 3729,7738 3867,7738 4006,7738 4144,7738 4283,7738 4422,7738"/>
                <TextEquiv>
                    <Unicode>rend man das Gegentheil erwarten sollte:</Unicode>
                </TextEquiv>
            </TextLine>
            <TextEquiv>
                <Unicode>§ 20.&#13;
Indem die neue, das reine Quintensystem der Pythagoreer wieder aufnehmende Ansicht&#13;
von den drei, bisher anerkannten, selbständigen Grundverhältnissen: 2:1, 3:2 und 5:4 das&#13;
letzte, seit Zarlino für die grosse Terz geltende wieder aufgiebt und das von dem der Quinte&#13;
abgeleitete 81:64 an seine Stelle setzt, tritt sie entschieden in Widerspruch zu dem Satze, dass&#13;
das Consoniren oder Dissoniren der Töne mit der grösseren oder geringeren Einfachheit der Ver¬&#13;
hältnisse ihrer Schwingungszahlen zusammenhänge (§ 1), welcher noch in neuester Zeit von&#13;
Opelt und Zamminer (in ihren bereits genannten Werken) als Grundgesetz der Musik be¬&#13;
zeichnet worden ist. Denn es sind die den Terzen und Sexten entsprechenden relativen Schwin¬&#13;
gungszahlen *) im pythagoreischen System weniger einfach, als die der grossen Secunde und&#13;
kleinen Septime, welche doch bereits dissonante Intervalle sind, die das Verhältniss der Töne&#13;
des Dur- wie des Moll-Dreiklangs ausdrückenden Zahlen viel grössere, als nach den bisherigen&#13;
akustischen Bestimmungen, und zwar für den ersteren noch grösser, als für den letzteren, wäh¬&#13;
rend man das Gegentheil erwarten sollte:</Unicode>
            </TextEquiv>
        </TextRegion>
        <GraphicRegion id="Graphic_1614013091508_987" custom="readingOrder {index:2;} structure {type:floating;}">
            <Coords points="1632,7853 1632,8751 8178,8751 8178,7853"/>
        </GraphicRegion>
        <TextRegion orientation="0.0" type="paragraph" id="TextRegion_1611518514552_367" custom="readingOrder {index:3;} structure {type:paragraph;}">
            <Coords points="1632,8751 8178,8751 8178,9412 1632,9412"/>
            <TextLine id="r2l26" custom="readingOrder {index:0;} m_tonality {offset:35; length:4;} m_tonality {offset:44; length:14;}">
                <Coords points="2097,9044 7430,9091 8180,9054 8181,8809 2098,8799"/>
                <Baseline points="2138,8976 2438,8978 2738,8979 3038,8980 3338,8982 3639,8982 3939,8982 4239,8984 4539,8984 4839,8984 5140,8984 5440,8986 5740,8986 6040,8988 6340,8990 6641,8992 6941,8994 7241,8997 7541,9001 7841,9004 8142,9010"/>
                <TextEquiv>
                    <Unicode>Ebenso ist die allgemeine Form der Dur- und Moll-Tonleiter eine weit weniger einfache</Unicode>
                </TextEquiv>
            </TextLine>
            <TextLine id="r2l27" custom="readingOrder {index:1;} concept_phy {offset:65; length:17;}">
                <Coords points="1608,9278 8017,9345 7904,9035 1610,8943"/>
                <Baseline points="1648,9194 1964,9198 2281,9202 2597,9204 2914,9206 3231,9208 3547,9208 3864,9210 4180,9210 4497,9210 4814,9210 5130,9211 5447,9212 5763,9212 6080,9214 6397,9214 6713,9218 7030,9220 7346,9224 7663,9228 7980,9232"/>
                <TextEquiv>
                    <Unicode>zu nennen, wenn man nämlich Einfachheit nur in der Kleinheit der Verhältnisszahlen sucht:</Unicode>
                </TextEquiv>
            </TextLine>
            <TextEquiv>
                <Unicode>Ebenso ist die allgemeine Form der Dur- und Moll-Tonleiter eine weit weniger einfache
zu nennen, wenn man nämlich Einfachheit nur in der Kleinheit der Verhältnisszahlen sucht:</Unicode>
            </TextEquiv>
        </TextRegion>
        <TextRegion orientation="0.0" type="footnote" id="TextRegion_1611518511458_363" custom="readingOrder {index:4;} structure {type:footnote;}">
            <Coords points="1632,9412 8178,9412 8178,9726 1632,9726"/>
            <TextLine id="r2l28" custom="readingOrder {index:0;}">
                <Coords points="2042,9810 2784,9835 2906,9761 3012,9835 3452,9745 4048,9852 4349,9803 4349,9558 4121,9452 3917,9558 3306,9550 3167,9460 2596,9574 2042,9500"/>
                <Baseline points="2086,9700 2197,9700 2308,9698 2419,9698 2530,9698 2641,9698 2752,9698 2863,9698 2974,9698 3085,9698 3197,9700 3308,9700 3419,9700 3530,9700 3641,9700 3752,9700 3863,9700 3974,9700 4085,9699 4196,9698 4308,9698"/>
                <TextEquiv>
                    <Unicode>*) Man vergleiche die Uebersicht in § 6.</Unicode>
                </TextEquiv>
            </TextLine>
            <TextEquiv>
                <Unicode>*) Man vergleiche die Uebersicht in § 6.</Unicode>
            </TextEquiv>
        </TextRegion>
    </Page>
</PcGts>
