9108 11191
4211 700 4433 1056 43
981 1019 7648 1365 Substrates akustischer Höhendifferenzen bedürfen wird. Die Annahme dieser letzteren hat sich
990 1338 7615 1594 selbst in dem wegen seines reichen Gehaltes an musikalischen Wahrheiten wahrhaft bewunderns¬
989 1555 7623 1811 werthen Werke Hauptmann's bei einzelnen Specialitäten etwas hinderlich erwiesen. Wenn
973 1748 7665 2030 z. B. (pag. 90) bei Auflösung des Septimenaccordes c G h D in den Vorhaltsaccord e a D dem
980 1993 7647 2274 Zusammenklang D — a für die C dur-Tonart Quintbedeutung zugesprochen wird, so scheint dies
972 2232 7639 2528 nicht vereinbar damit, dass vorher (pag. 45) D F a als zur C dur-Tonart gehöriger zweiter ver¬
1004 2472 7663 2721 minderter Dreiklang bezeichnet worden ist, weil D — a ebenso wenig Quint sei, als h — F. Wir
995 2637 7629 2909 möchten aber überhaupt den Accord D F a wegen seiner grossen Terz F — a nicht als vermin¬
1020 2844 7646 3166 derten Dreiklang auffassen, welcher doch immer aus gr. III und V eines Duraccords und kl. III
995 3075 7579 3340 des Mollaccordes auf jener V besteht, also zwei kleine Terzen enthalten muss. Mit dem Weg¬
986 3341 7636 3596 fallen jener akustischen Unterschiede zwischen D und d, A und a etc. erhält er aber unzweifel¬
984 3563 7651 3832 haft die Bedeutung des D moll-Dreiklangs, so dass sich das Accordsystem der Tonart C dur
974 3749 3147 4045 folgendermaassen herausstellt:
1011 4337 7629 4594 Die Dur-Tonart hätte demnach nur einen verminderten Dreiklang, welcher ihre äussersten
1019 4569 7603 4826 Grenzen vereinigt enthält. Dieselben wirken in ihm zusammenziehend nach der Tonica hin,
991 4784 7624 5090 eine Wirkung, welche im Accord D F a wohl nicht in ähnlicher Weise fühlbar werden dürfte.
989 5084 7656 5307 — Hauptmann legt aber, obgleich er die akustischen Unterschiede, von denen er ausgegangen
967 5229 7618 5493 ist, stets beibehält, in der Folge doch ein weit grösseres Gewicht auf die Verschiedenheit der
1008 5452 7609 5733 harmonischen Bedeutung; ja er spricht sich über die Nothwendigkeit einer von der akusti¬
989 5671 7647 5952 schen Reinheit abweichenden, schärferen gr. III und gr. VII und tieferen kl. III und kl. II für
983 5882 7625 6163 die freie Intonation (pag. 170, 171) in einer Weise aus, welche deutlich zeigt, wie nahe er dem
1006 6124 7623 6421 Gedanken eines gänzlichen Aufgebens der Terzbestimmung 5:4 bereits steht; denn er bezeichnet
997 6397 7606 6653 das Terzintervall als ein im harmonischen Fortgang bei freier Intonation nothwendig zu alteri¬
990 6585 7599 6866 rendes, das der Quinte dagegen als ein invariables, stets in vollkommener Reinheit zu intoniren¬
971 6794 7647 7105 des. Man kann also wohl sagen, dass die theoretische Lehre Hauptmann's*) im Wesentlichen
978 7010 7629 7300 sich mit der Annahme des reinen Quintensystems wird vereinigen lassen. Letztere schliesst ja
981 7239 7648 7519 auch ein exceptionelles Vorkommen der bisherigen gr. III (5:4) und gr. VI (5:3) etc. nicht
987 7498 7645 7802 absolut aus; denn diese Bestimmungen haben für den Accord in seiner isolirten Einzelheit nichts
983 7680 7642 8203 Bedenkliches. In folgendem Falle z. B. $$MUSIC würde E, die gr. III von C (und
987 8167 7620 8514 gr. VI von G) der bisherigen Bestimmung gemäss erklingen können, da kein harmonischer
960 8425 7619 8772 Fortgang mehr stattfindet, sondern der Dreiklang ruhig austönt. Es ist daher möglich, dass die
1407 8753 7644 9047 *) Was die an die Spitze derselben gestellten, der Hegel’schen Denkweise entsprechenden philosophischen
1000 8930 7617 9203 Begriffe anlangt, so scheint es uns, als erschwerten sie nur den Zugang zu dem hier so reichlich fliessenden Quell
988 9181 7614 9369 musikalisch-theoretischer Belehrung. Für Denjenigen, welcher sich mit der Lehre Hegel's von der Bewegung der
1018 9334 7594 9532 Begriffe durch die 3 Momente des ununterschiedenen mit sich Eins-seins, des von sich Verschieden-seins und der,
984 9499 7593 9722 Beides in sich verbunden enthaltenden höheren Einheit nicht befreunden kann, ist es daher mindestens nothwen¬
981 9679 7491 9945 dig, für jene philosoph. Begriffe analoge, die gewöhnliche Logik nicht übersteigende Gedanken zu substituiren. —
