9108 11458
4092 807 4393 1138 35
869 1120 7540 1517 für das reine Quintensystem*); er stellt (pag. 32) als das Endergebniss aller in seiner grösseren
868 1431 7547 1703 Abhandlung, sowie in diesen „Nachträgen” enthaltenen Untersuchungen folgenden Satz hin:
893 1651 7539 1907 „Die von Zarlino begründete und von den Akustikern anerkannte diatonische Tonleiter mit
877 1908 7548 2156 der grossen Terz $$MATH, der grossen Sexte $$MATH und der grossen Septime $$MATH kann für unsere heutige
908 2121 7529 2373 Musik nicht als maassgebend, sondern nur als exceptionell gelten, und alle darauf gebaute Sy¬
866 2344 7537 2617 steme der 21 bräuchlichen Töne sind für diese Musik weder in theoretischer, noch in practischer
882 2577 7561 2867 Beziehung brauchbar; das normative System derselben ist vielmehr das reine Quintensystem, also
895 2786 2756 3104 das alte pythagoreische.”
1380 2910 7564 3290 Mit einer kurzen, aber gehaltvollen Begründung dieses Satzes schliesst Drobisch seine
874 3169 1942 3565 Erörterungen. —
1345 3368 7545 3741 Nachdem wir bis zu diesem neuesten, von einer wahrhaft wissenschaftlichen Forschung
888 3677 7559 3944 auf musikalisch-akustischem Gebiete gewonnenen Resultat gelangt sind, wollen wir im folgenden
892 3928 7513 4226 Abschnitt versuchen, das Verhältniss des pythagoreischen Systems zu den Grundsätzen der musi¬
900 4152 7537 4425 kalischen Theorie noch näher zu beleuchten und nachzuweisen, wie nur jenes System allein den¬
866 4367 7562 4629 selben entspricht, und daher mit seiner Wiederannahme Klarheit und logische Folgerichtigkeit
862 4637 5508 4923 an die Stelle des Dunkels und der Widersprüche treten würden. —
1325 4998 7533 5298 *) Recht treffend ist auch der einfache Beweis für dasselbe, welchen Möhring in einer brieflichen Mit¬
900 5208 7530 5440 theilung an Drobisch erwähnt (man vergleiche des Letzteren „Nachträge”). Es ist nur dabei nöthig, solche Bei¬
904 5421 7583 5611 spiele zu wählen, in denen bei gewöhnlicher Applicatur auch die höhere Saite wirklich leer genommen werden
868 5605 6513 5820 muss. Hätten z. B. 3 rein in Quinten zusammen eingestimmte Violinen Folgendes auszuführen:
896 6669 7550 6909 so würde bei der Empfindlichkeit des Ohres gegen unreine Octaven der erste Violinist den Ton g2, nothwendig in
898 6873 7569 7063 möglichst vollkommener Uebereinstimmung mit dem g der leeren Saite greifen, und so entsteht, indem zugleich
893 7019 7523 7233 die leere Saite e2, als unabänderliche reine dritte Quint von g ertönt, eine kleine Terz mit dem Verhältniss 32:27,
871 7180 7542 7362 anstatt 6:5. Ebenso würde sich in anderen Fällen beim Zusammenklang von c, der tiefsten leeren Saite der
918 7340 7539 7555 Bratsche, und c2 mit e2, als leerer Saite, nothwendig die grosse Terz 81:64 und nicht 5:4 ergeben. Solche Fälle
894 7507 7557 7697 kommen aber in der Musik für Streichinstrumente gar nicht selten vor, und man müsste also geradezu behaupten
902 7678 7548 7868 wollen, dass dann jedes Mal die Accorde unrein wären, in welchen die leeren Saiten C und A, C und E, oder
902 7866 4994 8113 G und E gleichzeitig erklingen, was doch gar zu paradox sein dürfte. —
