9108 11245
4141 758 4416 1161 49
4065 1385 4503 1644 § 25.
1474 1624 7600 1969 Für die im reinen Quintensystem statthabende Lage der Töne spricht aber auch sehr
980 1875 7615 2236 deutlich die sogenannte „enharmonische Verwechselung”, deren verschiedenartige Wirkung, je
983 2234 7568 2463 nachdem sie ein Ueberspringen aus Tonarten der Oberdominantseite in solche der Unterdominant¬
983 2455 7585 2699 seite, oder umgekehrt aus diesen in jene ist, bei Festhalten an den bisherigen akustischen Be¬
982 2586 7609 2924 stimmungen schwerlich zu begreifen sein dürfte. Wir müssen aber zunächst wohl unterscheiden
974 2833 7601 3087 zwischen dem blos zufälligen enharmonischen Transponiren, wie es bisweilen der be¬
999 3060 7585 3376 quemeren Schreibart wegen, oder zur Erleichterung für die Ausführenden nur vorübergehend
956 3336 7591 3581 entweder in allen Stimmen zugleich, oder nur in einzelnen vorkommt, und der eigentlichen
982 3505 7592 3736 enharmonischen Verwechselung, d. h. einem wirklichen, definitiven Umwandeln der
981 3737 7607 4016 Tonart in eine äusserlich nahe liegende, harmonisch aber weit entfernte. Bei jenem zufälligen
973 3956 7616 4195 Transponiren wird, wenn die Reinheit aufrecht erhalten werden soll, von einer wirklichen
975 4192 7601 4503 Aenderung der Tonhöhe mit Eintritt der enharmonischen Versetzung unbedingt nicht die Rede
965 4440 7608 4689 sein dürfen; dieselbe hat factisch nur eine Existenz auf dem Papier, als Erleichterung für das
959 4633 7553 4953 Auge. Denn gesetzt es seien plötzlich erhöhte Töne, anstatt der in die Tonart gehörenden be¬
969 4878 7611 5149 nachbarten erniedrigten, in einer oder in einigen Stimmen vorgeschrieben, während die übrigen
968 5084 7570 5330 unterdess ungestört in der Tonart bleiben, so haben doch offenbar Diejenigen, welche die der
969 5305 7546 5592 Notenschrift nach aus dem einheitlichen Zusammenhang der Tonarten vorübergehend heraus¬
958 5529 7585 5817 tretenden Stimmen ausführen, dafür zu sorgen, dass sie mit den Uebrigen in Uebereinstimmung
961 5780 7571 6002 bleiben; sie werden, zunächst durch ihr richtiges Gefühl geleitet, statt jener erhöhten Töne die¬
967 5989 7577 6290 jenigen intoniren, welche eigentlich an deren Stelle gehören. Unterlassen sie dies, so tritt ent¬
977 6257 7579 6495 weder Unreinheit während der betreffenden Takte ein, oder es accommodiren sich die Uebrigen
961 6437 7563 6684 ihrer Intonation, womit die Haupttonart geradezu verlassen würde. Ebenso wenig wird, wenn
953 6683 7605 6971 alle Stimmen zugleich enharmonisch transponirt sind, die eigentliche Tonart aber schon nach
966 6917 7584 7196 wenigen Takten wieder eintritt, ein vorübergehendes wirkliches Verlassen derselben durch Aen¬
932 7107 7583 7381 derung der Intonation statthaft sein, indem es gar keinen vernünftigen Zweck haben und nur
929 7348 7564 7620 den Eindruck eines unnützen und störenden Hin- und Herrückens machen würde. Dass in sol¬
953 7554 7547 7858 chen Fällen richtiges Gefühl und einsichtsvolle Beurtheilung des gerade stattfindenden harmo¬
952 7785 7546 8121 nischen Fortganges von Seiten der Ausführenden oft in hohem Grade erfordert wird, ist gewiss,
949 8079 7560 8354 daher wir auch Stellen, wie folgende, nicht immer in vollkommen befriedigender Reinheit vor¬
