9108 11158
4199 736 4505 1099 45
1520 1081 7649 1410 Die folgenden Fälle, welche nicht selten sind, scheinen der Regel gänzlich zu wider¬
3146 1389 7642 1640 sprechen; es ist aber zu bemerken, dass bei Nr. 1 der Leitton nur
3163 1609 7651 1840 deshalb sich regelwidrig, anstatt in den Grundton, in die Quinte
3189 1827 7669 2093 des folgenden Accords lösen darf, weil jener Grundton von der
1046 2004 7667 2246 darüber liegenden Oberstimme ergriffen wird, und daher die richtige Lösung wenigstens schein¬
1030 2226 7659 2500 bar, obgleich in zwei Stimmen vertheilt, vorhanden ist. Wollte man die zweite Stimme zur Ober¬
1062 2506 7667 2770 stimme machen, also in die höhere Octave legen, so würde die Stelle schlecht klingen, wenn
1028 2667 7657 2930 auch D nach E geführt würde, um wenigstens die verdeckten Quinten zu vermeiden. In Nr. 2
1060 2939 7632 3194 ist die natürliche Lösung des Leittones nach D, als sich von selbst verstehendes Mittelglied, nur
1054 3146 1982 3442 übergangen:
1510 3600 7630 3985 b) für die dem eigentlichen Leitton ähnlichen Grundtöne der verminderten Drei¬
1053 3847 7657 4175 klänge und daher auch für die Grundtöne und kleinen Terzen in den verminderten Septimen¬
1053 4179 7681 4409 accorden, welche aus der Verbindung zweier verminderten Dreiklänge entstehen. Der Tendenz
1062 4366 7642 4686 dieser Töne, sich in ihre obere kleine Secunde hinaufzubewegen, wird bei vernünftig-gesetzlicher
1047 4585 7652 4815 Accordverbindung fast stets genügt*), und auch die hier stattfindenden Ausnahmen sind von der
1057 4801 7661 5103 Art, dass sie die Wahrheit der Regel nur noch mehr in's Licht setzen. In folgenden Beispielen
1049 5001 4339 5338 sind die hauptsächlichsten derselben enthalten:
1047 6268 7659 6550 Nr. 1 und 2 erklären sich ganz, wie die entsprechenden Beispiele unter a); in Nr. 3 hat die Lö¬
1046 6477 7650 6814 sung des H nach A, anstatt nach C, nichts abschliessend Befriedigendes; sie zieht nothwendig
1064 6730 7651 6944 die Folge Gis - A nach sich, oder auch G - Fis - G, d. h. es muss die für den Leitton H unter¬
1065 6934 7628 7196 lassene Auflösung bei einem andern kurz darauf eintreten, damit jene Unterlassung gewisser¬
1080 7198 7684 7443 maassen wieder gut gemacht werde. Bei Nr. 4 findet nur eine Hinausschiebung der regelrechten
1053 7389 7674 7684 Lösung desselben Tones statt; ebenso auch im ersten Beispiel von Nr. 5; das zweite ist, wie
1064 7639 7677 7918 Nr. 3, zu erklären. In Fällen wie Nr. 6 endlich ist ein vermittelnder Dreiklang, in welchen die
3104 7847 7690 8102 natürliche Auflösung führen würde, übergangen; der folgende
3120 8069 7657 8331 verminderte Septimenaccord enthält aber wenigstens Terz und
3164 8279 7668 8503 Quint desselben als Grundton und kl. III, seine V♭ und VII♭ aber
1035 8493 7680 8742 sind Grundton und kl. III seines Vorgängers, chromatisch vertieft; beide hätten sich erst in den
1043 8725 7688 9005 Grundton jenes ausgelassenen Dreiklangs lösen sollen. Daher hat eine solche unvermittelte
1478 9138 7683 9524 *) Als solche sind Aufeinanderfolgen wie $$MUSIC nicht anzusehen;
1067 9463 7680 9803 sie existiren, wie sich Hauptmann treffend ausdrückt, nur im trüben Elemente der Ungenauigkeit einer tem¬
1076 9684 4547 9972 perirten Intonation, welche gis = as, f = eis u. s. w. setzt. —
