9108 11329
4265 726 4390 1027 5
995 1109 7730 1369 nämlich entweder vom Grundton nach oben, oder von der Quinte nach unten; in beiden Fällen
987 1316 7698 1593 ist die kl. III das als Rest (V — gr. III) sich zuletzt ergebende Intervall. Die erste Art der Thei¬
996 1538 7748 1809 lung giebt bekanntlich den Durdreiklang, dessen Töne in dem einfachen Verhältniss 4:5:6
982 1754 7651 2071 stehen, die zweite den Molldreiklang, welcher durch das Verhältniss 10:12:15 = $$MATH
986 2097 7672 2298 sich deutlich als nach entgegengesetzter Richtung gebildeter Durdreiklang zu erkennen giebt*).
988 2235 7724 2502 Es scheint hier wiederum ganz in der Natur der Sache begründet, dass dem Molldreiklang ein
986 2451 7730 2717 weniger einfaches Zahlenverhältniss entspricht und derselbe in der oben (§ 1) aufgestellten Reihe
985 2744 6653 2963 erst nach dem Durdreiklang in der Verbindung der Töne e, g und h erscheint. —
1499 2891 7718 3194 Jeder Dreiklang hat zunächst für zwei andere Dreiklänge, nämlich für den auf der oberen
1014 3169 7725 3420 und den auf der unteren Quinte seines Grundtones, die Bedeutung eines tonischen, d. h. eines
1016 3375 7719 3629 Central- oder Haupt-Accordes, durch welchen jene beiden vermittelt werden, und auf den sie
993 3571 7745 3897 sich, indem sie abwechselnd nach ihm erklingen, beide beziehen. Man bezeichnet diese zwei
992 3842 7678 4084 Dreiklänge als den Ober- und den Unter-Dominantaccord des tonischen, und es reprä¬
995 4063 7698 4338 sentiren alle drei Accorde zusammen die Tonart in ihren wesentlichsten harmonischen Elemen¬
1022 4287 7716 4546 ten. Diese ist bekanntlich, je nach der Beschaffenheit des Hauptdreiklanges, entweder Dur-
1012 4522 7723 4798 oder Moll-Tonart; in beiden Fällen ist der Oberdominantaccord stets ein Dur-Dreiklang, weil
1005 4739 7733 5039 seine grosse Terz der nicht zu entbehrende Leitton zur Tonica ist; der Unterdominantaccord
991 4994 7694 5211 dagegen richtet sich nach dem tonischen; nur ist zu bemerken, dass er bisweilen zu einem toni¬
982 5205 7743 5446 schen Durdreiklang auch in Moll, anstatt ebenfalls in Dur, genommen wird, wodurch eine Art
1044 5460 7696 5702 gemischter Tonart (von Hauptmann in seiner Harmonik als Moll-Dur-Tonart bezeichnet)
1014 5642 7733 5951 entsteht, welche aber nicht als herrschende durch ganze Musikstücke hindurch, sondern nur
1003 5867 3882 6192 gelegentlich gebraucht zu werden pflegt. —
4176 8398 4554 8699 § 3.
1502 8626 7763 8923 Die Töne dieser drei für jede Tonart wesentlichen Accorde, so geordnet, wie sie vom
1033 8883 7728 9150 Grundton bis zu seiner Octave ihrer Höhe nach auf einander folgen, bilden die Tonleiter oder
1008 9090 7737 9416 Scala unserer heutigen Musik, welche, je nach der Beschaffenheit der Tonart, entweder eine
1476 9499 7728 9893 *) Diese einzig natürliche Auffassung des Molldreiklanges rührt von M. Hauptmann her; man vergleiche
1023 9729 3870 10093 dessen „Harmonik und Metrik” (Leipzig, 1853).
