9108 11466
4171 759 4384 1061 7
974 1110 7613 1452 gr. VII sind sich nämlich harmonisch schon ziemlich fremd, und es lässt sich kein Vermittelungs¬
929 1453 7611 1750 ton finden, mit welchem beide in consonantem Verhältniss ständen; daher hat man jene Tonleiter
901 1658 3849 2000 in bekannter Weise melodisch modificirt:
1439 3529 7608 3794 Es ist diese Modification keine willkührliche, künstliche, sondern eine aus den Grund¬
950 3689 7648 3970 bedingungen der melodischen Folge von selbst erwachsende und in ihrer Verschiedenheit für die
948 3939 7647 4212 aufwärts und abwärts gehende Scala harmonisch bedingte. Wir möchten es nämlich eine Art
954 4157 7618 4401 harmonischer Gerechtigkeit nennen, dass, nachdem beim Aufsteigen die kleine Terz des Unter¬
940 4366 7621 4665 dominant-Dreiklanges ignorirt worden ist, beim Absteigen dasselbe mit der grossen Terz des
953 4602 7626 4859 Oberdominant-Dreiklanges geschieht. Beide für die Molltonart wesentliche Intervalle sollen aber
961 4833 7634 5093 dabei eben nur vorübergehend ignorirt, nicht negirt werden; deshalb kann im einen Falle statt
929 5146 7610 5428 As nicht A($$MATH), die grosse Terz von F, sondern nur A($$MATH), die Quint der Oberdominantquinte,
955 5343 7645 5693 im andern statt H nicht B($$MATH), die kleine Terz von G, sondern nur B($$MATH), die untere Quint
989 5650 7628 5940 von F eintreten*). So herrscht also in der Mollscala aufwärts von V — VIII der Durcharakter
954 5965 7636 6242 der Oberdominante, abwärts von VIII — V der Mollcharakter der Unterdominante, während in
966 6127 3402 6444 der streng harmonischen Tonfolge:
960 6507 7607 6909 beide unvereinbare Charaktere schroff neben einander stehen. Es sind übrigens, wie man sieht,
947 6819 7637 7118 sowohl in der Dur-, als in der Moll-Scala die Schwingungsverhältnisse aller Töne zum Grundton
945 7035 7592 7297 sehr einfache, und es liegt auch hier wiederum die Annahme sehr nahe, es sei das Befriedigende,
953 7305 7319 7547 welches diese Tonfolgen für das musikalische Ohr haben, in dieser Einfachheit begründet. —
4180 7698 4491 8041 § 4.
1426 7937 7646 8262 Nicht uninteressant ist es, neben den Schwingungsverhältnissen der Töne unserer Scalen
931 8202 7638 8467 auch die Differenzen ihrer absoluten Schwingungszahlen in Betracht zu ziehen,
949 8440 7665 8732 indem dieselben, besonders in der Durscala, in ihren allgemeinen Ausdrücken eine Einfachheit
949 8663 7604 8911 und Regelmässigkeit offenbaren, welche die Gültigkeit der einfachen akustischen Bestimmungen,
922 8963 6825 9159 auf die auch unsere Tonleitern gegründet sein sollen, ebenfalls zu bestätigen scheint.
1435 9065 7638 9347 Einem Ton C-3, kommt ziemlich genau die absolute Schwingungszahl 8 zu, seiner Dur¬
923 9246 3999 9567 scala daher folgende Reihe solcher Zahlen:
1436 9500 7682 9927 *) Hauptmann in seinem schon angeführten Werke (p. 60, 61) hat diese harmonischen Unterschiede
943 9757 2429 10167 zuerst geltend gemacht.
