9108 11162
4714 654 5085 1006 38
1538 1006 8185 1328 haltbar, sondern es würde beim Erklingen verschiedener Töne zunächst doch wohl auf die Ein¬
1538 1270 8200 1563 fachheit der Differenzen ihrer Intervallwerthe ankommen. Diesen Differenzen kommen aber in
1562 1484 8151 1806 der gemeinen gleichschwebenden Temperatur die einfachsten Zahlenwerthe zu, nämlich: $$MATH,
1606 1748 8196 2124 $$MATH und $$MATH des Octavenintervalles, während sie für die nach reinen
1540 2039 8202 2311 akustischen Verhältnissen bestimmten Intervallwerthe, gleich diesen selbst, irrationale Zahlen
1556 2300 8159 2580 sind; man müsste demnach jene temperirten Intervallbestimmungen für die musikalisch befrie¬
1556 2545 8189 2782 digendsten erklären; es zeigt sich hier aber die Unhaltbarkeit jener für die einfachen Zahlen
1571 2739 8175 3003 eingenommenen Theorie deutlich darin, dass die starke Dissonanz der in diesem temperirten
1585 2985 8174 3286 Tonsystem zusammenfallenden übermässigen Quarte und verminderten Quinte gerade den ein¬
1542 3209 8175 3497 fachsten Intervallwerth hat, indem sie genau die Hälfte der Octave ist, der vollkommenen Con¬
1543 3398 8205 3705 sonanz der Quinte dagegen der weniger einfache Werth $$MATH entspricht. Die grössere oder geringere
1558 3634 8176 3907 Einfachheit der Schwingungszahlen, sowie der Intervallwerthe, ist daher wohl nicht als die Be¬
1546 3876 8179 4140 dingung des Consonirens oder Dissonirens anzusehen, sondern für diesen musikalisch wichtigsten
1573 4072 8206 4424 Unterschied in der Wirkung der Tonverbindungen gewiss ein anderer, weniger äusserlicher Grund
1552 4317 2597 4629 zu suchen. —
4612 4640 5143 4984 § 21.
2056 4929 8190 5354 Wir glauben nun, dass man der Lösung dieses schwierigen Problems bei Annahme des
1574 5323 8178 5572 reinen Quintensystems vielleicht noch am nächsten kommen dürfte. Wendet man nämlich dann
1557 5505 8190 5798 die von Hauptmann (pag. 75 der „Harmonik”) für das Dissoniren der grossen Secunde gegen
1556 5771 8189 6050 den Grundton gegebene harmonische Erklärung (durch einen in widersprechende Bedeutung
1551 6014 8184 6263 tretenden dritten Ton) in ähnlicher Weise auf die Consonanzen und Dissonanzen überhaupt an,
1554 6180 5581 6511 so kommt man auf folgende Betrachtungsweise derselben:
1804 9192 8188 9646 *) Durch die Ausdrücke Concordanz und Discordanz wollen wir die stärksten Grade von Consoniren
1577 9529 3949 9851 und Dissoniren besonders hervorheben. —
