9108 11212
4201 680 4437 1037 25
1452 2593 7646 2922 Die die Octave überschreitende übermässige Septime ist im Grunde kein selbständiges
976 2881 7623 3157 Intervall, da ihre tiefere Octave schon über dem Grundton liegt und zwar von demselben um das
951 3049 7607 3386 sogenannte pythagorische Komma entfernt ist, als dessen höhere Octave somit die über¬
957 3370 4264 3635 mässige Septime nur betrachtet werden kann. —
1490 3558 7625 3862 Wir kommen später auf dies, wie wir dann sehen werden, als einzige wahrhaft genügende
975 3786 7226 4044 Grundlage unserer theoretischen und practischen Musik anzuerkennende System zurück. —
4170 4314 4518 4553 § 13.
1476 4503 7621 4932 So lange man, der bisher geltenden Ansicht zu Folge, die Verhältnisse 3:2 und 5:4
978 4844 7634 5153 beide als für die absolute Reinheit gleich gültige betrachtet, will es nicht zulässig scheinen, nur
971 5092 7643 5410 eines von beiden die einmal nöthig gewordene Abänderung erleiden zu lassen. Man wird daher
977 5309 7657 5569 dem oben (§ 11) bezeichneten dritten Verfahren den Vorzug geben und beide Verhältnisse, da
966 5538 7605 5796 sie unverändert in einem den musikalischen Grundforderungen entsprechenden System festbe¬
984 5784 7623 6048 stimmter Töne nicht neben einander herrschen können, zugleich von der akustischen Reinheit
976 6001 7640 6308 abweichen lassen ($$MATH oder $$MATH), woraus dann auch mit Nothwendigkeit die
962 6242 7576 6502 Aenderung sämmtlicher übrigen Tonverhältnisse (das unveränderliche der Octave ausgenommen)
956 6460 7619 6707 folgt, da sie alle von Q und T abhängig sind. Das Resultat dieses Verfahrens ist die gleich¬
978 6695 7625 6961 schwebende*) Temperatur, welche im Allgemeinen auf sehr mannichfache Weise entstehen
968 6904 7641 7200 kann, weil zu jedem alterirten Quintenintervall q′ sich das der grossen Terz (t′) durch 4 q′ — 2
995 7128 7642 7392 dem geforderten System feststehender Töne genügend bestimmt. Es wird aber, wenn man nicht
1013 7364 7628 7631 gar zu sehr von der ursprünglichen Reinheit abweichen will, hierbei zu berücksichtigen sein,
971 7573 7619 7813 dass das reine Quintverhältniss durchaus zu höheren Bestimmungen derselben Töne führt, als
999 7784 7638 8061 das der grossen Terz (folglich auch zu tieferen, als das der unteren gr. Terz), dass also bei
970 8013 7624 8269 vollkommener Reinheit $$MATH und daher das Intervall q nur zu vermindern sein wird.
1015 8273 7637 8539 Die besten Temperaturen werden demnach die zwischen dem System der reinen grossen Terz und
987 8477 7626 8745 dem der reinen Quinte liegenden sein, in welchen die letztere abwärts, die grosse Terz aufwärts
958 8729 7638 9039 schwebt, und, da bekanntlich das musikalische Gehör bei der Quinte weniger grosse Abweichungen
1436 9063 7646 9393 *) Durch die musikalische Grundforderung absoluter Gleichmässigkeit aller Dur- und aller Moll-Dreiklänge
1004 9371 7609 9553 und Scalen ist jede ungleichschwebende Temperatur von vorn herein als ganz untauglich ausgeschlossen.
1009 9497 7639 9712 Ueber die von Kirnberger, welche einst in hohem Ansehen stand, vergleiche man Marpurg’s Versuch über die
1005 9682 7512 9970 musikalische Temperatur (13. Abschnitt) und Drobisch, über musikalische Tonbestimmung etc., § 32 und 33.
