9108 11579
4699 734 4948 1178 VI
1434 1108 8218 1636 zugleich daran lag, die Nothwendigkeit der Annahme jenes Systems, besonders für
1467 1536 8235 1845 Musiker, möglichst überzeugend darzuthun, so haben wir zunächst (im ersten und
1450 1889 8210 2266 zweiten Abschnitt) ziemlich ausführliche allgemeine Betrachtungen über die bisher
1452 2261 8194 2546 gültigen Tonbestimmungen und die verschiedenen für die musikalische Praxis mög¬
1474 2503 8200 2911 lichen Tonsysteme, sowie eine kurze Charakterisirung der hauptsächlichsten, hierbei
1482 2873 8225 3167 zu erwähnenden Ansichten musikalischer Theoretiker vorangeschickt und sind dann
1464 3204 8257 3497 erst (im dritten Abschnitt) zu jener das reine Quintensystem speciell betreffenden
1471 3507 8197 3843 Erörterung übergegangen, deren Ergebniss wir als ein für dasselbe durchaus günsti¬
1575 3855 4351 4218 ges bezeichnen zu können glauben.
