9108 11208
4744 652 4965 1043 46
1554 997 8185 1391 Verbindung von verminderten Septimenaccorden immer etwas Gewaltsames, indem jedes Mal
1547 1328 8194 1591 zwei unerwartete, der strengen harmonischen Folgerichtigkeit nach noch nicht berechtigte Töne
1553 1555 8200 1803 eintreten, die Wirkung kann sich sogar bei längerer Fortsetzung einer solchen Reihe bis zum
1559 1774 3372 2063 Widerwärtigen steigern. —
4238 1991 5466 2273 2) nach unten:
1518 2211 8181 2475 a) für die kleine und grosse Septime, und zwar gilt hier die Regel besonders streng*); denn
1556 2473 8162 2893 in Fällen wie dieser $$MUSIC liegt gar kein wirklicher Septimenaccord vor, son¬
1531 2885 8161 3215 dern das zum C dur-Accord noch erklingende H ist ein Vorhalt, eine Verzögerung der regel¬
1547 3166 8136 3405 rechten Hinauflösung des Leittons. Auflösungen von Accorden mit kl. VII wie folgende:
1568 3408 8199 3645 $$MUSIC werden immer den Eindruck des Unnatürlichen machen, wenn der
3547 3622 8159 3907 Sänger oder Violinspieler nicht, in Voraussicht des Kommenden,
1533 3870 8171 4158 das F in Eis und das Gis in As umwandelt; in beiden Fällen ist dann der sich hinauflösende
1547 4054 8178 4351 Ton der Oberstimme nicht mehr Septime; G H D F (Eis) ist der verminderte Septimenaccord
1555 4278 8169 4563 Gis H D Eis mit chromatisch vertiefter Terz als Basston, Gis (As) H D Fis ein eben solcher
1532 4530 8129 4785 Accord H D F As mit chromatisch erhöhter Quint als Oberstimme, wie dies ja nicht selten vor¬
1541 4743 8179 5072 kommt. Durch jene in einem Tone vorgehende enharmonische Verwechselung wird eine derartige
1548 4959 8129 5264 Accordverbindung erst verständlich, ja erhält unter Umständen etwas eigen Geheimnissvolles.
1563 5167 8152 5406 Wir wollen nur eine Stelle aus Beethoven’s Ouverture zu Leonore Nr. II (pag. 5 der neuen
1528 5392 8150 5664 Partiturausgabe) anführen, wo übrigens die enharmonische Verwechselung ausdrücklich vorge¬
1506 5617 2655 5924 schrieben ist**):
1503 7393 8166 7608 b) für die der Septime ähnlich wirkende Quinte jedes verminderten Dreiklangs und
1498 7611 8170 7925 somit auch für die verminderte Septime. Die Ausnahmen, welche hier stattfinden, dürften
1527 7842 3217 8130 wohl nur folgende sein:
1945 8717 7629 9144 *) Von blossen Verzögerungen und melodischen Umschreibungen der Auflösung der Septime, wie:
1498 9100 6522 9486 $$MUSIC ist hier natürlich nicht die Rede.
2038 9498 8134 9960 **) Dies Letztere ist in der Ouverture Nr. III, wo sich (p. 3 d. Part.) ganz dieselbe Stelle findet, nicht der Fall.
