9108 11345
4748 637 4912 944 2
2010 1003 8130 1320 Wir verzichten hier auf eine weitere Aufzählung der übermässigen, verminderten und
1509 1259 8180 1506 alterirten Intervalle*), auf welche man durch die eigentlich ganz unbegrenzte Fortsetzung dieses
1567 1498 8148 1711 Verfahrens kommt, da dieselben in den weiter unten aufzustellenden Quintensystemen sehr zahl¬
1493 1770 8148 2001 reich und zwar nach den verschiedenen Arten ihrer Abhängigkeit von den drei Grundverhältnissen
1518 1933 8149 2228 2:1, 3:2 und 5:4 deutlich gesondert zu finden sein werden. Vor der Hand beschränken wir
1526 2197 8165 2428 uns noch auf die Consonanzen und einfacheren Dissonanzen, welche als hauptsächliche Elemente
1527 2444 8165 2676 aller Harmonie und Melodie in unserer heutigen Musik von so grosser Bedeutung sind. Den
1532 2610 8113 2841 Grund der letzteren hat man meist eben in der Einfachheit der Verhältnisse ihrer Schwingungs¬
1516 2855 8155 3119 zahlen gesucht, und es kann in der That der Natur der Sache ganz angemessen scheinen, dass
1533 3069 8163 3319 dieselben von der vollkommensten Consonanz, der Octave, an immer mehr und mehr wachsen
1507 3271 8120 3609 und demnach für alle dissonirenden Töne complicirtere sind, als für die consonirenden. Die fort¬
1542 3552 4368 3841 laufende Reihe einfacher ganzer Zahlen:
1546 4303 8160 4731 welche bekanntlich den relativen Schwingungszahlen der sogenannten natürlichen Töne der
1549 4677 8163 4933 Hörner und Trompeten oder überhaupt des Grundtones und der harmonischen Oberreihe jedes
1533 4916 8163 5163 beiderseits offenen Blasinstrumentes genau entspricht, enthält zunächst sämmtliche consonante
1541 5131 8180 5370 Intervalle in den Zahlen 1 bis 8, mit Ausschluss der 7, welche eine zu tiefe, musikalisch nicht
1540 5313 8154 5593 brauchbare kleine Septime (4:7), sowie eine eben solche kleine Terz (6:7) und eine zu hohe
1533 5558 8147 5831 grosse Secunde (7:8) giebt**). Dissonanzen treten erst mit 9 und 15 ein; den dazwischen lie¬
1576 5830 8190 6099 genden Zahlen 11, 13 und 14 entsprechen aber wieder für die Musik unbrauchbare Töne; denn
1541 6027 8172 6291 der erste ist eine zu hohe Quarte, der zweite eine zu tiefe grosse Sexte, der dritte die höhere
1551 6231 8165 6495 Octave der zur Zahl 7 gehörigen zu kleinen Septime des Grundtones. Man bedient sich daher
1528 6462 8142 6750 zur Entwickelung der Tonverhältnisse besser einer nur aus den Zahlen 1, 2, 3 und 5, ihren Ver¬
1520 6717 8159 6939 doppelungen, Potenzen und wechselseitigen Producten bestehenden Reihe, in welcher jene un¬
1555 6945 4264 7237 brauchbaren Zahlen nicht vorkommen:
2022 7201 8200 7589 *) Im ersten Abschnitt von Drobisch’s Abhandlung „über musikalische Tonbestimmung und Temperatur”
1554 7520 8192 7726 sind die relativen Schwingungszahlen für 42 verschiedene Intervalle berechnet und nach ihrer Abhängigkeit von
1534 7681 7365 7867 den drei Grundverhältnissen der Octave, der Quinte und der grossen Terz übersichtlich dargestellt.
2049 7785 8185 8057 **) Man hat zu verschiedenen Zeiten der Zahl 7 wenigstens in der Theorie der Musik eine bedeutsame Stelle
1537 8025 8036 8223 zu geben gesucht; es kann darüber F. W. Marpurg’s Versuch über die musikalische Temperatur (1776), §§ 52—
1551 8204 8182 8361 55, 59, 107, verglichen werden. — Kirnberger wollte die natürliche kleine Septime (7:4) als einen neuen Ton i
1559 8349 8172 8531 sogar praktisch einführen und sprach von einem consonirenden Vierklang c e g i = 4:5:6:7; Chladini behaup¬
1545 8536 8184 8741 tet das öftere Vorkommen dieser zu kleinen Septime in Volksgesängen; F. Zamminer (in seinem 1855 erschie¬
1553 8666 8175 8848 nenen Werke: „die Musik und die musikalischen Instrumente in ihrer Beziehung zu den Gesetzen der Akustik”,
1576 8830 8132 9028 pag. 119) hält es wenigstens für wahrscheinlich, dass die grosse Bedeutung, welche die kl. VII in unseren Harmo¬
1541 9020 8205 9239 niegeweben erlangt habe, sich auf die Annäherung ihres Schwingungsverhältnisses an die noch ziemlich einfache
1551 9187 8198 9392 Combination $$MATH gründe. Man vergleiche auch F. W. Opelt’s allgemeine Theorie der Musik (Leipzig, 1852), § 48
1544 9370 2171 9659 und § 61.
