9108 11154
4701 716 4937 1074 16
1516 1046 8106 1394 und es folgen auf der einen Seite doppelt, dreifach etc. erhöhte, auf der anderen doppelt, drei¬
1539 1327 8063 1564 fach etc. erniedrigte Töne, von denen allerdings in der praktischen Musik nur die doppelt er¬
1540 1576 5087 1810 höhten und erniedrigten noch angewendet werden. —
4617 1906 4975 2340 § 7.
1996 2318 8064 2667 Es enthalten aber diese drei Classen, obgleich in jeder von ihnen die Bildung neuer Inter¬
1532 2589 8096 2829 valle nach zwei Seiten hin in's Unendliche geht, doch noch nicht alle möglichen Tonbestimmun¬
1517 2889 8090 3092 gen, sondern man findet neue, zum Theil noch ziemlich einfache relative Schwingungszahlen
1525 3035 8089 3305 entweder direct aus den wechselseitigen Verhältnissen der Töne 2ter und 3ter Classe, oder wenn
1532 3315 8064 3565 man, unserem bisherigen Verfahren analog, die Töne dieser Classen zu Grundtönen von Dur-
1532 3501 8088 3753 und Moll-Scalen erhebt, welche man genau nach den für die Tonleiter festgestellten Normal-
1524 3711 8088 3947 Bestimmungen bildet. Schlagen wir, um in der Art und Weise der Entwickelung der Tonver¬
1531 3931 8112 4240 hältnisse consequent zu bleiben, den letzten Weg ein, so findet sich, dass in den Durscalen der
1539 4150 8095 4411 Töne 2ter Classe die grosse Terz, grosse Sexte und grosse Septime, in den Mollscalen der Töne
1538 4397 8086 4730 3ter Classe dagegen die kleine Terz und kleine Sexte neue Verhältnisse zum Central-Grundton
1504 4599 6149 4926 bilden, wie folgende Uebersicht über nur einige solche Scalen zeigt.
