9108 11212
4756 673 5006 1054 34
1577 1039 8150 1421 wurde; daher hat Dr. J. N. Möhring in einer kleinen Schrift: „Zur Theorie der Musik”, dieses
1587 1320 8168 1597 System, welches wir schon oben (§ 12) als „reines Quintensystem” kennen gelernt haben, geradezu
1598 1557 8152 1835 als das für die practische Musik allein taugliche bezeichnet. Er gründet die Nothwendigkeit,
1581 1781 8153 2061 entweder die Quinte von der grossen Terz, oder diese von der Quinte abhängig zu bestimmen,
1610 1985 8155 2247 darauf, dass aus der von grossen und kleinen Terzen gebildeten Fortschreitung durch 2 Octaven,
1610 2223 8182 2520 wie: CEGHD1F2A1C2*), unbedingt die Gleichheit von 3 grossen und 4 kleinen Terzen mit dem
1612 2443 8167 2789 Intervall von 2 Octaven folge; nun sei aber $$MATH, daher müsse entweder die relative
1597 2705 8168 3008 Schwingungszahl der kleinen Terz $$MATH und folglich die der Quinte $$MATH, oder die der
1615 2966 8186 3303 grossen Terz $$MATH und daher die der kleinen $$MATH gesetzt werden. Das erste führt zum
1600 3228 8199 3534 System der reinen grossen Terz (siehe § 11), das zweite zu dem pythagoreischen oder reinen
1622 3437 8177 3710 Quinten-System. Möhring giebt nun diesem letzteren entschieden den Vorzug, da in ihm die
1605 3668 8187 3986 Lage der erhöhten und erniedrigten Töne ganz der freien Intonation auf den Streichinstrumenten
1573 3885 8180 4171 entspreche, was er aus den Resultaten der mit Herrn Musikdirector Meyer wiederholt auf dem
1609 4110 8173 4402 Contrabass angestellten Versuche nachweist, welche ganz entschieden zu Gunsten des reinen
1612 4338 8184 4617 Quintensystemes ausfielen. Diese Versuche sind deshalb von grossem Werth, weil bisher nur im
1592 4601 8200 4891 Allgemeinen als ausgemachte Sache gelten konnte, dass bei freier Intonation überhaupt cis, dis
1600 4771 8181 5050 etc. höher sei, als des, es etc., aber noch gar nicht bestimmt war, wieviel höher, man also eben¬
1599 5005 8143 5308 so gut jedes zwischen der mittleren 12-stufigen Temperatur und dem reinen Quintensystem ge¬
1618 5228 8182 5530 legene temperirte System als das jener Intonation zu Grunde liegende ansehen konnte, während
1600 5453 8137 5753 nun genaue und zuverlässige Messungen auf das Bestimmteste für das der reinen Quint sprechen,
1605 5721 8178 5982 und damit jede Temperatur, ausser der für die Tasteninstrumente unentbehrlichen 12-stufigen,
1598 5935 8054 6169 von der Bedeutung eines in Wirklichkeit consequent befolgten Systems ausgeschlossen ist. —
1607 6114 8179 6428 Nach sorgfältiger Prüfung und Vergleichung der wichtigsten überhaupt in Frage kommenden
1618 6353 8191 6640 Tonsysteme, als: des pythagoreischen, des deutschen, des französischen, des von Delezenne
1599 6558 8162 6889 aufgestellten und des Systemes der reinen grossen Terz, erklärt sich Drobisch in seinen „Nach¬
1635 6784 8181 7102 trägen zur Theorie der musikalischen Tonverhältnisse” (Leipzig 1855) ebenfalls ganz entschieden
2028 7176 8210 7517 *) Wir möchten hierzu nur beiläufig bemerken, dass eine streng an den reinen akustischen Bestimmungen
1599 7464 8189 7688 festhaltende Theorie diese Reihe gar nicht als eine nur aus grossen und kleinen Terzen bestehende anerkennen
1603 7638 8200 7813 würde; denn, könnte man einwenden, nach D wird nothwendig nicht dessen kleine Terz (f), sondern die reine
1599 7794 8180 8037 kleine Septime des in den vorhergehenden Tönen enthaltenen G dur-Dreiklangs folgen müssen, und dann schliesst
1610 7949 4745 8253 auch die Reihe richtig mit der zweiten Octave von C:
1618 8660 7018 8897 Es würde daher für den vorliegenden Zweck etwa folgender Reihe der Vorzug zu geben sein:
1599 9262 8216 9623 Hier kommt kein Duraccord mit kleiner Septime vor; die Reihe muss als eine in reinen grossen und kleinen Terzen
1627 9527 7533 9864 fortschreitende unbedingt anerkannt werden, und es ergiebt sich aus ihr, dass $$MATH ist.
