9108 11383
4792 595 5102 1095 48
1567 1033 8326 1419 Intervall Des — Cis, welches = C — His, da C — Des = His — Cis. — Nach bisherigen akusti¬
1549 1364 8300 1591 schen Bestimmungen dagegen ist Cis, Fis etc. tiefer, als Des, Ges etc. Gesetzt nun es würden
1524 1596 8300 1848 auf einem ganz genau gestimmten Klavier, ohne irgend Vorhergehendes, die Töne A, C und
1574 1814 8300 2049 Fis = Ges zusammen angeschlagen, so könnte sich der Spieler diesen Accord als A C Ges ge¬
1533 2037 8326 2249 dacht haben, in der Absicht, den B moll-Dreiklang folgen zu lassen; zugleich giebt aber vielleicht
1526 2248 8285 2483 ein Zuhörer demselben Accord die andere Deutung eines nach G-dur führenden verminderten
1574 2490 8317 2786 Dreiklangs von Fis und wird dann unangenehm überrascht werden, wenn der Spieler, statt des
1567 2770 8310 2971 erwarteten G-dur-, den B moll-Accord anschlägt. Hat er aber das Fis = Ges des Klaviers in
1568 2960 8294 3229 Gedanken zu reinem Fis vertieft, wie er es nach jenen akustischen Bestimmungen müsste, so
1543 3212 8311 3447 ist es doch seltsam, dass ihn eine in derselben Richtung erfolgende Auflösung nicht befriedigt.
1576 3390 8310 3633 Wie klar ist dagegen der Vorgang bei Zugrundlegung des reinen Quintensystems! Der Hörer
1543 3640 8285 3892 verschärft den, doppelter Deutung fähigen temperirten Ton zu Fis (denn für Eines von beiden
1534 3893 8251 4135 muss er sich entscheiden), und nun tritt, statt der erwarteten Lösung, die mit seiner Auffassung
1536 4107 8287 4377 in gradem Widerspruch stehende und damit für ihn die Unlust der Täuschung ein. Bei reiner
1551 4303 8285 4588 freier Intonation wird diese Unlust für den Hörer nie entstehen, und es verleiht dieses bestimmte,
1539 4529 8257 4854 klare Wesen dem Gesang und der Musik für Streichinstrumente den hohen Reiz auch in harmo¬
1543 4772 8294 5082 nischer Beziehung; denn, was Schönheit, Dauer und Fülle des Tones, sowie Befähigung zu
1562 5053 7735 5305 warmem, seelenvollem Vortrag anlangt, stehen sie bekanntlich hoch über dem Klavier. —
2055 5216 8286 5493 Es sei nur noch ein Beispiel aus Mozart’s Quintett in G-moll angeführt, welches recht
1534 5469 7656 5787 unmittelbar die richtige Lage benachbarter erhöhter und erniedrigter Töne fühlen lässt:
2053 7533 8268 7817 Wer wollte hier behaupten, dass das Fis ein tieferer Ton sein müsse, als das vorher¬
1546 7767 8256 8030 gehende Ges? Unwillkührlich hat man mit dem Eintritt des ersteren das Gefühl einer Erwei¬
1528 7948 8263 8203 terung in Vergleich mit der vorher gehörten eingeengten VII♭ (A — Ges), und jeder gute Geiger
1560 8202 8277 8478 wird bei sorgfältiger Intonation diesem Gefühl einen Ausdruck verleihen, indem er eben Fis
1532 8446 8283 8708 etwas höher greift, als vorher Ges. Hört man die Stelle auf dem Klavier, so wird erst durch das
1536 8662 7146 8956 von einer Mittelstimme festgehaltene D die neue Wendung bemerkbar werden. —
