<?xml version="1.0" encoding="UTF-8" standalone="yes"?>
<PcGts xmlns="http://schema.primaresearch.org/PAGE/gts/pagecontent/2013-07-15" xmlns:xsi="http://www.w3.org/2001/XMLSchema-instance" xsi:schemaLocation="http://schema.primaresearch.org/PAGE/gts/pagecontent/2013-07-15 http://schema.primaresearch.org/PAGE/gts/pagecontent/2013-07-15/pagecontent.xsd">
    <Metadata>
        <Creator>prov=University of Rostock/Institute of Mathematics/CITlab|PLANET AI GmbH/Gundram Leifert/gundram.leifert@planet-ai.de:name=ONB_Newseye_GT_M1+(htr_id=10810)::::v=2.6.7
prov=University of Rostock/Institute of Mathematics/CITlab|PLANET AI GmbH/Tobias Gruening/tobias.gruening@planet-ai.de:name=de.uros.citlab.module.baseline2polygon.B2PSeamMultiOriented:v=2.6.7
prov=University of Rostock/Institute of Mathematics/CITlab|PLANET AI GmbH/Tobias Gruening/tobias.gruening@planet-ai.de:name=/net_tf/LA73_249_0mod360.pb:de.uros.citlab.segmentation.CITlab_LA_ML:v=2.6.6
Transkribus</Creator>
        <Created>2020-12-03T18:19:45.448+01:00</Created>
        <LastChange>2021-04-22T19:43:55.873+02:00</LastChange>
        <TranskribusMetadata docId="548806" pageId="22904540" pageNr="44" tsid="57025068" status="DONE" userId="74363" imgUrl="https://files.transkribus.eu/Get?id=PDFQQNOGEBQYQZFLLOUWRAFQ&amp;fileType=view" xmlUrl="https://files.transkribus.eu/Get?id=MVYMSYZUQMCKXIAFYFOAHVXW" imageId="17867813"/>
    </Metadata>
    <Page imageFilename="Naumann1858-0044.jpg" imageWidth="9108" imageHeight="11212" type="content">
        <ReadingOrder>
            <OrderedGroup id="ro_1624197111250" caption="Regions reading order">
                <RegionRefIndexed index="0" regionRef="TextRegion_1611508921651_306"/>
                <RegionRefIndexed index="1" regionRef="TextRegion_1611508921650_305"/>
                <RegionRefIndexed index="2" regionRef="TextRegion_1611508914209_301"/>
                <RegionRefIndexed index="3" regionRef="TextRegion_1611508911172_297"/>
            </OrderedGroup>
        </ReadingOrder>
        <TextRegion orientation="0.0" type="page-number" id="TextRegion_1611508921651_306" custom="readingOrder {index:0;} structure {type:page-number;}">
            <Coords points="990,896 7596,896 7596,1243 990,1243"/>
            <TextLine id="r1l1" custom="readingOrder {index:0;}">
                <Coords points="4174,1109 4231,1101 4315,1021 4388,1063 4454,1056 4459,810 4410,809 4353,750 4312,733 4181,747"/>
                <Baseline points="4214,974 4242,975 4270,975 4298,974 4327,973 4355,973 4383,976 4412,984"/>
                <TextEquiv>
                    <Unicode>29</Unicode>
                </TextEquiv>
            </TextLine>
            <TextEquiv>
                <Unicode>29</Unicode>
            </TextEquiv>
        </TextRegion>
        <TextRegion orientation="0.0" id="TextRegion_1611508921650_305" custom="readingOrder {index:1;} structure {type:paragraph-continued;}">
            <Coords points="990,1243 7596,1243 7596,8951 990,8951"/>
            <TextLine id="r1l2" custom="readingOrder {index:0;}">
                <Coords points="4126,1627 4175,1624 4239,1588 4357,1640 4446,1610 4481,1642 4522,1639 4507,1360 4459,1371 4433,1356 4369,1384 4303,1379 4277,1355 4237,1382 4113,1380"/>
                <Baseline points="4160,1548 4186,1544 4212,1541 4239,1538 4265,1536 4291,1534 4318,1533 4344,1531 4370,1530 4397,1530 4423,1530 4449,1531 4476,1532"/>
                <TextEquiv>
                    <Unicode>§ 16.</Unicode>
                </TextEquiv>
            </TextLine>
            <TextLine id="r1l3" custom="readingOrder {index:1;}">
                <Coords points="1460,1829 7504,1892 7612,1653 1460,1615"/>
                <Baseline points="1504,1802 1807,1804 2110,1806 2413,1808 2716,1808 3020,1810 3323,1811 3626,1812 3929,1812 4232,1812 4536,1814 4839,1814 5142,1814 5445,1814 5748,1814 6052,1816 6355,1816 6658,1816 6961,1817 7264,1818 7568,1818"/>
                <TextEquiv>
                    <Unicode>Die Unvereinbarkeit der akustisch reinen Verhältnisse zu einem musikalisch brauchbaren</Unicode>
                </TextEquiv>
            </TextLine>
            <TextLine id="r1l4" custom="readingOrder {index:2;}">
                <Coords points="1009,2090 7604,2075 7374,1844 1009,1835"/>
                <Baseline points="1050,2026 1375,2028 1701,2030 2027,2030 2352,2032 2678,2034 3004,2034 3329,2036 3655,2036 3981,2036 4307,2038 4632,2038 4958,2038 5284,2038 5609,2038 5935,2038 6261,2038 6586,2038 6912,2036 7238,2036 7564,2036"/>
                <TextEquiv>
                    <Unicode>System festbestimmter Töne hat wohl auch die von einigen musikalischen Schriftstellern vertre¬</Unicode>
                </TextEquiv>
            </TextLine>
            <TextLine id="r1l5" custom="readingOrder {index:3;}">
                <Coords points="998,2330 7347,2353 7602,2074 998,2083"/>
                <Baseline points="1040,2250 1366,2252 1692,2254 2018,2256 2344,2256 2670,2258 2996,2258 3322,2258 3648,2258 3974,2260 4300,2260 4626,2260 4952,2260 5278,2262 5604,2262 5930,2262 6256,2264 6582,2266 6908,2266 7234,2268 7560,2270"/>
                <TextEquiv>
                    <Unicode>tene Ansicht hervorgerufen, dass überhaupt die Anwendung der Mathematik auf die Musik gar</Unicode>
                </TextEquiv>
            </TextLine>
            <TextLine id="r1l6" custom="readingOrder {index:4;}">
                <Coords points="965,2559 7602,2539 7504,2301 966,2296"/>
                <Baseline points="1010,2476 1337,2478 1665,2478 1992,2480 2320,2480 2647,2480 2975,2482 3302,2482 3630,2482 3957,2484 4285,2484 4612,2484 4940,2484 5267,2486 5595,2486 5922,2486 6250,2488 6577,2488 6905,2488 7232,2490 7560,2490"/>
                <TextEquiv>
                    <Unicode>nicht statthaft sei und in Wahrheit gar kein Zusammenhang zwischen beiden bestehe, eine An¬</Unicode>
                </TextEquiv>
            </TextLine>
            <TextLine id="r1l7" custom="readingOrder {index:5;} textStyle {offset:37; length:11;fontSize:0.0; kerning:0; letterSpaced:true;}">
                <Coords points="982,2765 7618,2761 7619,2556 982,2543"/>
                <Baseline points="1022,2702 1349,2702 1677,2704 2004,2704 2332,2705 2660,2706 2987,2706 3315,2708 3642,2708 3970,2708 4298,2710 4625,2710 4953,2710 5280,2710 5608,2712 5936,2712 6263,2712 6591,2713 6918,2714 7246,2714 7574,2714"/>
                <TextEquiv>
                    <Unicode>sicht, welche im Alterthum schon von Aristoxenus ausgesprochen worden ist, den vielleicht</Unicode>
                </TextEquiv>
            </TextLine>
            <TextLine id="r1l8" custom="readingOrder {index:6;}">
                <Coords points="1015,2987 7298,3039 7611,2759 1015,2757"/>
                <Baseline points="1054,2922 1379,2924 1705,2926 2030,2928 2356,2930 2682,2930 3007,2932 3333,2932 3658,2932 3984,2932 4310,2934 4635,2934 4961,2934 5286,2934 5612,2934 5938,2934 6263,2934 6589,2934 6914,2936 7240,2936 7566,2936"/>
                <TextEquiv>
                    <Unicode>von den Thatsachen der Erfahrung gar zu wenig Notiz nehmende arithmetisch-musikalische</Unicode>
                </TextEquiv>
            </TextLine>
            <TextLine id="r1l9" custom="readingOrder {index:7;}">
                <Coords points="989,3225 7478,3212 7635,2957 990,2987"/>
                <Baseline points="1034,3146 1361,3148 1689,3150 2017,3152 2345,3154 2673,3154 3001,3155 3329,3156 3657,3156 3985,3156 4313,3156 4640,3156 4968,3156 5296,3156 5624,3156 5952,3156 6280,3158 6608,3158 6936,3160 7264,3162 7592,3166"/>
                <TextEquiv>
                    <Unicode>Speculationen der Pythagoreer dazu veranlasst haben mochten. Wir finden dieselbe in der von</Unicode>
                </TextEquiv>
            </TextLine>
            <TextLine id="r1l10" custom="readingOrder {index:8;} textStyle {offset:6; length:11;fontSize:0.0; kerning:0; letterSpaced:true;}">
                <Coords points="983,3455 7603,3463 7603,3208 983,3225"/>
                <Baseline points="1028,3374 1354,3376 1681,3376 2008,3378 2335,3378 2662,3380 2988,3380 3315,3380 3642,3380 3969,3380 4296,3380 4622,3380 4949,3380 5276,3380 5603,3380 5930,3380 6256,3382 6583,3382 6910,3384 7237,3384 7564,3386"/>
                <TextEquiv>
                    <Unicode>R. G. Kiesewetter herausgegebenen Schrift: „der neuen Aristoxener zerstreute Aufsätze über</Unicode>
                </TextEquiv>
            </TextLine>
            <TextLine id="r1l11" custom="readingOrder {index:9;}">
                <Coords points="995,3662 7591,3700 7591,3470 7073,3412 996,3448"/>
                <Baseline points="1038,3592 1363,3595 1689,3598 2014,3600 2340,3602 2665,3602 2991,3602 3316,3604 3642,3604 3967,3604 4293,3604 4618,3604 4944,3604 5269,3604 5595,3604 5920,3604 6246,3606 6571,3608 6897,3610 7222,3612 7548,3616"/>
                <TextEquiv>
                    <Unicode>das Irrige der musikalischen Arithmetik und das Eitle ihrer Temperaturrechnungen” (Leipzig</Unicode>
                </TextEquiv>
            </TextLine>
            <TextLine id="r1l12" custom="readingOrder {index:10;} textStyle {offset:33; length:3;fontSize:0.0; kerning:0; letterSpaced:true;} textStyle {offset:38; length:7;fontSize:0.0; kerning:0; letterSpaced:true;} textStyle {offset:56; length:8;fontSize:0.0; kerning:0; letterSpaced:true;} textStyle {offset:66; length:14;fontSize:0.0; kerning:0; letterSpaced:true;}">
                <Coords points="1001,3893 7350,3910 7622,3705 1002,3654"/>
                <Baseline points="1042,3818 1368,3820 1695,3820 2022,3822 2348,3822 2675,3824 3002,3824 3328,3826 3655,3826 3982,3826 4309,3828 4635,3828 4962,3828 5289,3830 5615,3830 5942,3832 6269,3832 6595,3834 6922,3836 7249,3836 7576,3838"/>
                <TextEquiv>
                    <Unicode>1846), sehr entschieden durch D. Ant. Eximeno*), Fr. v. Drieberg, Joseph Krieger</Unicode>
                </TextEquiv>
            </TextLine>
            <TextLine id="r1l13" custom="readingOrder {index:11;} textStyle {offset:46; length:7;fontSize:0.0; kerning:0; letterSpaced:true;}">
                <Coords points="995,4089 7615,4078 7533,3864 995,3892"/>
                <Baseline points="1040,4042 1366,4042 1693,4044 2019,4044 2346,4046 2672,4046 2999,4046 3325,4048 3652,4048 3978,4048 4305,4050 4631,4050 4958,4052 5284,4052 5611,4052 5937,4053 6264,4054 6590,4054 6917,4054 7243,4054 7570,4056"/>
                <TextEquiv>
                    <Unicode>und den Herausgeber selbst vertreten. Die von Eximeno gegen die Anwendung der einfachen</Unicode>
                </TextEquiv>
            </TextLine>
            <TextLine id="r1l14" custom="readingOrder {index:12;}">
                <Coords points="970,4344 7162,4365 7631,4309 7631,4062 970,4139"/>
                <Baseline points="1010,4266 1338,4268 1667,4268 1996,4270 2325,4270 2654,4271 2982,4272 3311,4272 3640,4274 3969,4274 4298,4275 4626,4276 4955,4276 5284,4277 5613,4278 5942,4278 6270,4278 6599,4278 6928,4280 7257,4280 7586,4280"/>
                <TextEquiv>
                    <Unicode>Zahlenreihe zur Entwickelung der Tonverhältnisse und gegen die Meinung, dass die möglichste</Unicode>
                </TextEquiv>
            </TextLine>
            <TextLine id="r1l15" custom="readingOrder {index:13;}">
                <Coords points="1009,4517 7555,4565 7622,4294 1010,4328"/>
                <Baseline points="1048,4492 1374,4492 1701,4492 2027,4492 2354,4494 2681,4494 3007,4495 3334,4496 3660,4496 3987,4498 4314,4498 4640,4500 4967,4500 5293,4502 5620,4502 5947,4503 6273,4504 6600,4504 6926,4504 7253,4504 7580,4504"/>
                <TextEquiv>
                    <Unicode>Einfachheit dieser letzteren überhaupt Bedingung der Consonanz sei, erhobenen Bedenken sind</Unicode>
                </TextEquiv>
            </TextLine>
            <TextLine id="r1l16" custom="readingOrder {index:14;}">
                <Coords points="982,4764 7602,4815 7397,4535 983,4559"/>
                <Baseline points="1024,4712 1351,4714 1678,4716 2005,4716 2332,4718 2659,4718 2986,4720 3313,4720 3640,4722 3967,4722 4294,4722 4621,4724 4948,4724 5275,4725 5602,4726 5929,4726 6256,4728 6583,4728 6910,4730 7237,4732 7564,4732"/>
                <TextEquiv>
                    <Unicode>allerdings nicht ungegründet, und sein Ausspruch, dass es thöricht sei, zu glauben, es habe die</Unicode>
                </TextEquiv>
            </TextLine>
            <TextLine id="r1l17" custom="readingOrder {index:15;}">
                <Coords points="980,5019 7420,5046 7593,4825 981,4756"/>
                <Baseline points="1024,4936 1350,4938 1676,4938 2003,4940 2329,4940 2656,4940 2982,4942 3308,4942 3635,4942 3961,4944 4288,4944 4614,4944 4940,4946 5267,4946 5593,4948 5920,4948 6246,4950 6572,4952 6899,4954 7225,4956 7552,4960"/>
                <TextEquiv>
                    <Unicode>Natur die Musik in gewissen Verhältnissen begründet, welche sie uns aber zu verrücken zwänge,</Unicode>
                </TextEquiv>
            </TextLine>
            <TextLine id="r1l18" custom="readingOrder {index:16;}">
                <Coords points="985,5232 7374,5253 7605,4999 985,5018"/>
                <Baseline points="1024,5162 1350,5164 1677,5164 2004,5166 2331,5166 2658,5168 2985,5168 3312,5168 3639,5168 3966,5170 4293,5170 4619,5170 4946,5170 5273,5172 5600,5172 5927,5172 6254,5174 6581,5174 6908,5176 7235,5176 7562,5178"/>
                <TextEquiv>
                    <Unicode>so oft wir singen oder spielen wollen, möchte von denen beherzigt werden, welche die Temperatur</Unicode>
                </TextEquiv>
            </TextLine>
            <TextLine id="r1l19" custom="readingOrder {index:17;}">
                <Coords points="986,5462 7614,5416 7269,5202 986,5232"/>
                <Baseline points="1028,5388 1355,5388 1682,5388 2009,5390 2336,5390 2664,5390 2991,5392 3318,5392 3645,5392 3972,5394 4300,5394 4627,5394 4954,5395 5281,5396 5608,5396 5936,5396 6263,5396 6590,5398 6917,5398 7244,5398 7572,5398"/>
                <TextEquiv>
                    <Unicode>der Tasteninstrumente zum allein maassgebenden Tonsystem der modernen Musik erheben wol¬</Unicode>
                </TextEquiv>
            </TextLine>
            <TextLine id="r1l20" custom="readingOrder {index:18;}">
                <Coords points="990,5667 7602,5656 7602,5426 991,5461"/>
                <Baseline points="1032,5616 1358,5616 1685,5614 2011,5616 2338,5616 2665,5616 2991,5616 3318,5616 3644,5618 3971,5618 4298,5618 4624,5620 4951,5620 5277,5620 5604,5620 5931,5620 6257,5620 6584,5620 6910,5620 7237,5618 7564,5618"/>
                <TextEquiv>
                    <Unicode>len. Auch scheint er das richtige Gefühl zu haben, dass die Unterschiede der relativen Schwin¬</Unicode>
                </TextEquiv>
            </TextLine>
            <TextLine id="r1l21" custom="readingOrder {index:19;}">
                <Coords points="992,5915 7530,5936 7629,5640 992,5668"/>
                <Baseline points="1030,5836 1357,5836 1685,5836 2013,5838 2341,5838 2669,5838 2996,5839 3324,5840 3652,5840 3980,5840 4308,5840 4635,5842 4963,5842 5291,5842 5619,5844 5947,5844 6274,5844 6602,5846 6930,5847 7258,5848 7586,5850"/>
                <TextEquiv>
                    <Unicode>gungszahlen nicht den vom Ohr vernommenen Höhendifferenzen proportional sind, wenn er</Unicode>
                </TextEquiv>
            </TextLine>
            <TextLine id="r1l22" custom="readingOrder {index:20;}">
                <Coords points="980,6095 7617,6119 7354,5880 980,5922"/>
                <Baseline points="1024,6058 1351,6060 1679,6061 2006,6062 2334,6064 2661,6064 2989,6064 3316,6066 3644,6066 3971,6066 4299,6066 4626,6066 4954,6066 5281,6066 5609,6066 5936,6066 6264,6066 6591,6066 6919,6068 7246,6068 7574,6070"/>
                <TextEquiv>
                    <Unicode>meint, die Saiten in der Musik seien zwar geeignet ein Gegenstand vergleichender Verhältnisse</Unicode>
                </TextEquiv>
            </TextLine>
            <TextLine id="r1l23" custom="readingOrder {index:21;}">
                <Coords points="972,6358 7090,6414 7616,6341 7617,6119 972,6169"/>
                <Baseline points="1010,6282 1338,6284 1666,6286 1994,6286 2322,6288 2651,6288 2979,6290 3307,6290 3635,6290 3963,6290 4292,6290 4620,6290 4948,6290 5276,6290 5604,6290 5933,6290 6261,6290 6589,6292 6917,6292 7245,6292 7574,6294"/>
                <TextEquiv>
                    <Unicode>zu werden, das Vorstellungsvermögen aber wende die Ausdehnung derselben irriger Weise auf</Unicode>
                </TextEquiv>
            </TextLine>
            <TextLine id="r1l24" custom="readingOrder {index:22;}">
                <Coords points="978,6605 7598,6581 7344,6334 978,6358"/>
                <Baseline points="1018,6506 1345,6508 1672,6510 1999,6510 2326,6512 2653,6512 2980,6512 3307,6514 3634,6514 3961,6514 4288,6514 4615,6514 4942,6514 5269,6514 5596,6514 5923,6514 6250,6516 6577,6516 6904,6516 7231,6518 7558,6520"/>
                <TextEquiv>
                    <Unicode>die Klänge und die durch sie hervorgebrachten Eindrücke unmittelbar an; doch geht er viel zu</Unicode>
                </TextEquiv>
            </TextLine>
            <TextLine id="r1l25" custom="readingOrder {index:23;}">
                <Coords points="997,6802 7017,6865 7634,6816 7634,6603 997,6621"/>
                <Baseline points="1036,6728 1364,6730 1692,6733 2020,6735 2348,6736 2676,6738 3004,6738 3332,6738 3660,6738 3988,6738 4316,6738 4644,6738 4972,6738 5300,6738 5628,6738 5956,6738 6284,6738 6612,6738 6940,6738 7268,6738 7596,6740"/>
                <TextEquiv>
                    <Unicode>weit, wenn er daraus die Untauglichkeit aller mathematischen Bestimmungen überhaupt für die</Unicode>
                </TextEquiv>
            </TextLine>
            <TextLine id="r1l26" custom="readingOrder {index:24;} textStyle {offset:15; length:11;fontSize:0.0; kerning:0; letterSpaced:true;}">
                <Coords points="966,7048 7611,7044 7446,6797 966,6826"/>
                <Baseline points="1006,6958 1334,6958 1662,6960 1990,6960 2318,6960 2646,6962 2974,6962 3302,6962 3630,6962 3958,6964 4286,6964 4614,6964 4942,6964 5270,6964 5598,6964 5926,6964 6254,6964 6582,6962 6910,6962 7238,6962 7566,6962"/>
                <TextEquiv>
                    <Unicode>Musik folgert. Kiesewetter und die beiden andern oben genannten Schriftsteller greifen die</Unicode>
                </TextEquiv>
            </TextLine>
            <TextLine id="r1l27" custom="readingOrder {index:25;} textStyle {offset:59; length:2;fontSize:0.0; kerning:0; superscript:true;}">
                <Coords points="998,7246 7618,7267 7298,7012 998,7007"/>
                <Baseline points="1042,7176 1368,7180 1695,7182 2022,7184 2348,7184 2675,7186 3002,7186 3328,7186 3655,7188 3982,7188 4309,7188 4635,7188 4962,7186 5289,7186 5615,7186 5942,7186 6269,7186 6595,7186 6922,7186 7249,7186 7576,7186"/>
                <TextEquiv>
                    <Unicode>Verhältnissbestimmungen 3:2 und 4:3 deshalb an, weil die 12te Quinte eines Tones dadurch</Unicode>
                </TextEquiv>
            </TextLine>
            <TextLine id="r1l28" custom="readingOrder {index:26;} textStyle {offset:13; length:2;fontSize:0.0; kerning:0; superscript:true;} textStyle {offset:58; length:2;fontSize:0.0; kerning:0; superscript:true;}">
                <Coords points="976,7517 7588,7527 7341,7215 976,7254"/>
                <Baseline points="1018,7406 1344,7408 1671,7408 1997,7408 2324,7409 2650,7410 2977,7410 3303,7410 3630,7410 3956,7410 4283,7410 4609,7410 4936,7410 5262,7410 5589,7410 5915,7410 6242,7410 6568,7410 6895,7410 7221,7410 7548,7410"/>
                <TextEquiv>
                    <Unicode>höher, die 12te Quarte tiefer zu liegen komme, als seine 7te Octave, was ja doch bei reiner Stim¬</Unicode>
                </TextEquiv>
            </TextLine>
            <TextLine id="r1l29" custom="readingOrder {index:27;}">
                <Coords points="983,7731 7258,7759 7628,7734 7628,7512 983,7517"/>
                <Baseline points="1022,7630 1350,7630 1678,7632 2006,7632 2335,7634 2663,7634 2991,7634 3320,7634 3648,7634 3976,7634 4305,7634 4633,7634 4961,7634 5289,7634 5618,7634 5946,7634 6274,7634 6603,7634 6931,7634 7259,7636 7588,7636"/>
                <TextEquiv>
                    <Unicode>mung nicht der Fall sein dürfe. Der Grundirrthum hierbei ist, dass sie gar keine richtigen</Unicode>
                </TextEquiv>
            </TextLine>
            <TextLine id="r1l30" custom="readingOrder {index:28;}">
                <Coords points="978,7969 7614,8011 7450,7706 978,7706"/>
                <Baseline points="1020,7856 1347,7856 1675,7856 2002,7858 2330,7858 2658,7858 2985,7858 3313,7858 3640,7858 3968,7860 4296,7860 4623,7860 4951,7860 5278,7858 5606,7858 5934,7858 6261,7858 6589,7858 6916,7858 7244,7856 7572,7856"/>
                <TextEquiv>
                    <Unicode>Quinten- und Quarten-Cirkel aufstellen, sondern in jedem den Fortgang der reinen Intervalle</Unicode>
                </TextEquiv>
            </TextLine>
            <TextLine id="r1l31" custom="readingOrder {index:29;}">
                <Coords points="982,8109 7569,8105 982,7961"/>
                <Baseline points="1020,8074 1345,8076 1670,8078 1995,8078 2321,8080 2646,8080 2971,8080 3297,8082 3622,8082 3947,8082 4273,8082 4598,8082 4923,8082 5248,8082 5574,8082 5899,8082 6224,8082 6550,8082 6875,8080 7200,8080 7526,8080"/>
                <TextEquiv>
                    <Unicode>durch eine enharmonische Verwechselung unterbrechen. Sie zeigen sich demnach als entschie¬</Unicode>
                </TextEquiv>
            </TextLine>
            <TextLine id="r1l32" custom="readingOrder {index:30;}">
                <Coords points="976,8413 7604,8407 7497,8169 976,8191"/>
                <Baseline points="1018,8302 1345,8302 1672,8304 1999,8304 2327,8304 2654,8304 2981,8304 3309,8304 3636,8304 3963,8304 4291,8304 4618,8304 4945,8304 5272,8304 5600,8304 5927,8304 6254,8304 6582,8304 6909,8305 7236,8306 7564,8308"/>
                <TextEquiv>
                    <Unicode>dene Anhänger einer, die Temperatur der Tasteninstrumente (welche sie nur eben nicht als</Unicode>
                </TextEquiv>
            </TextLine>
            <TextLine id="r1l33" custom="readingOrder {index:31;}">
                <Coords points="953,8634 7507,8645 7606,8407 953,8429"/>
                <Baseline points="990,8530 1318,8530 1647,8530 1976,8530 2305,8530 2634,8530 2963,8530 3292,8530 3621,8530 3950,8530 4279,8530 4607,8530 4936,8528 5265,8528 5594,8528 5923,8528 6252,8528 6581,8526 6910,8526 7239,8524 7568,8524"/>
                <TextEquiv>
                    <Unicode>solche, sondern als natürliches, einzig reines Tonsystem betrachtet wissen wollen) überschätzen¬</Unicode>
                </TextEquiv>
            </TextLine>
            <TextLine id="r1l34" custom="readingOrder {index:32;}">
                <Coords points="968,8907 7556,8900 7622,8637 969,8619"/>
                <Baseline points="1006,8756 1334,8756 1663,8754 1992,8754 2321,8754 2650,8754 2979,8752 3308,8752 3637,8752 3966,8752 4295,8752 4623,8752 4952,8754 5281,8754 5610,8754 5939,8754 6268,8754 6597,8756 6926,8756 7255,8756 7584,8756"/>
                <TextEquiv>
                    <Unicode>den Theorie**), nach welcher eine reine Quinte und eine verminderte Sexte, eine reine Quarte</Unicode>
                </TextEquiv>
            </TextLine>
            <TextEquiv>
                <Unicode>§ 16.&#13;
Die Unvereinbarkeit der akustisch reinen Verhältnisse zu einem musikalisch brauchbaren&#13;
System festbestimmter Töne hat wohl auch die von einigen musikalischen Schriftstellern vertre¬&#13;
tene Ansicht hervorgerufen, dass überhaupt die Anwendung der Mathematik auf die Musik gar&#13;
nicht statthaft sei und in Wahrheit gar kein Zusammenhang zwischen beiden bestehe, eine An¬&#13;
sicht, welche im Alterthum schon von Aristoxenus ausgesprochen worden ist, den vielleicht&#13;
von den Thatsachen der Erfahrung gar zu wenig Notiz nehmende arithmetisch-musikalische&#13;
Speculationen der Pythagoreer dazu veranlasst haben mochten. Wir finden dieselbe in der von&#13;
R. G. Kiesewetter herausgegebenen Schrift: „der neuen Aristoxener zerstreute Aufsätze über&#13;
das Irrige der musikalischen Arithmetik und das Eitle ihrer Temperaturrechnungen” (Leipzig&#13;
1846), sehr entschieden durch D. Ant. Eximeno*), Fr. v. Drieberg, Joseph Krieger&#13;
und den Herausgeber selbst vertreten. Die von Eximeno gegen die Anwendung der einfachen&#13;
Zahlenreihe zur Entwickelung der Tonverhältnisse und gegen die Meinung, dass die möglichste&#13;
Einfachheit dieser letzteren überhaupt Bedingung der Consonanz sei, erhobenen Bedenken sind&#13;
allerdings nicht ungegründet, und sein Ausspruch, dass es thöricht sei, zu glauben, es habe die&#13;
Natur die Musik in gewissen Verhältnissen begründet, welche sie uns aber zu verrücken zwänge,&#13;
so oft wir singen oder spielen wollen, möchte von denen beherzigt werden, welche die Temperatur&#13;
der Tasteninstrumente zum allein maassgebenden Tonsystem der modernen Musik erheben wol¬&#13;
len. Auch scheint er das richtige Gefühl zu haben, dass die Unterschiede der relativen Schwin¬&#13;
gungszahlen nicht den vom Ohr vernommenen Höhendifferenzen proportional sind, wenn er&#13;
meint, die Saiten in der Musik seien zwar geeignet ein Gegenstand vergleichender Verhältnisse&#13;
zu werden, das Vorstellungsvermögen aber wende die Ausdehnung derselben irriger Weise auf&#13;
die Klänge und die durch sie hervorgebrachten Eindrücke unmittelbar an; doch geht er viel zu&#13;
weit, wenn er daraus die Untauglichkeit aller mathematischen Bestimmungen überhaupt für die&#13;
Musik folgert. Kiesewetter und die beiden andern oben genannten Schriftsteller greifen die&#13;
Verhältnissbestimmungen 3:2 und 4:3 deshalb an, weil die 12te Quinte eines Tones dadurch&#13;
höher, die 12te Quarte tiefer zu liegen komme, als seine 7te Octave, was ja doch bei reiner Stim¬&#13;
mung nicht der Fall sein dürfe. Der Grundirrthum hierbei ist, dass sie gar keine richtigen&#13;
Quinten- und Quarten-Cirkel aufstellen, sondern in jedem den Fortgang der reinen Intervalle&#13;
durch eine enharmonische Verwechselung unterbrechen. Sie zeigen sich demnach als entschie¬&#13;
dene Anhänger einer, die Temperatur der Tasteninstrumente (welche sie nur eben nicht als&#13;
solche, sondern als natürliches, einzig reines Tonsystem betrachtet wissen wollen) überschätzen¬&#13;
den Theorie**), nach welcher eine reine Quinte und eine verminderte Sexte, eine reine Quarte</Unicode>
            </TextEquiv>
        </TextRegion>
        <TextRegion orientation="0.0" type="footnote" id="TextRegion_1611508914209_301" custom="readingOrder {index:2;} structure {type:footnote;}">
            <Coords points="990,8951 7596,8951 7596,9387 990,9387"/>
            <TextLine id="r1l35" custom="readingOrder {index:0;} textStyle {offset:31; length:41;italic:true; fontSize:0.0; kerning:0;}">
                <Coords points="1416,9238 6958,9337 7616,9281 7617,8902 1416,9057"/>
                <Baseline points="1460,9180 1765,9180 2071,9178 2377,9178 2683,9178 2989,9178 3294,9178 3600,9178 3906,9178 4212,9178 4518,9180 4823,9180 5129,9182 5435,9182 5741,9182 6047,9184 6352,9184 6658,9186 6964,9186 7270,9188 7576,9188"/>
                <TextEquiv>
                    <Unicode>*) Im Cap. II seiner Schrift: „Dell' Origine e delle Regole della Musica” etc. (1774), dessen Uebersetzung</Unicode>
                </TextEquiv>
            </TextLine>
            <TextLine id="r1l36" custom="readingOrder {index:1;} textStyle {offset:0; length:11;fontSize:0.0; kerning:0; letterSpaced:true;}">
                <Coords points="956,9439 4566,9358 4483,9202 1317,9257 955,9094"/>
                <Baseline points="994,9342 1170,9342 1347,9340 1523,9340 1700,9340 1877,9338 2053,9338 2230,9338 2406,9338 2583,9340 2760,9340 2936,9340 3113,9340 3289,9340 3466,9338 3643,9338 3819,9338 3996,9336 4172,9334 4349,9332 4526,9330"/>
                <TextEquiv>
                    <Unicode>Kiesewetter den übrigen Abhandlungen vorangehen lässt.</Unicode>
                </TextEquiv>
            </TextLine>
            <TextEquiv>
                <Unicode>*) Im Cap. II seiner Schrift: „Dell' Origine e delle Regole della Musica” etc. (1774), dessen Uebersetzung&#13;
Kiesewetter den übrigen Abhandlungen vorangehen lässt.</Unicode>
            </TextEquiv>
        </TextRegion>
        <TextRegion orientation="0.0" type="footnote" id="TextRegion_1611508911172_297" custom="readingOrder {index:3;} structure {type:footnote;}">
            <Coords points="990,9387 7596,9387 7596,9866 990,9866"/>
            <TextLine id="r1l37" custom="readingOrder {index:0;} textStyle {offset:18; length:11;fontSize:0.0; kerning:0; letterSpaced:true;}">
                <Coords points="1364,9524 7441,9563 7590,9350 1364,9368"/>
                <Baseline points="1406,9490 1713,9492 2020,9494 2327,9496 2634,9498 2942,9498 3249,9500 3556,9500 3863,9500 4170,9500 4478,9500 4785,9498 5092,9498 5399,9498 5706,9498 6014,9498 6321,9498 6628,9498 6935,9500 7242,9502 7550,9504"/>
                <TextEquiv>
                    <Unicode>**) So sagt z. B. Kiesewetter: „Der Halbton der Klaviere ist kein temperirter; er ist der einzige natür¬</Unicode>
                </TextEquiv>
            </TextLine>
            <TextLine id="r1l38" custom="readingOrder {index:1;}">
                <Coords points="988,9704 7616,9736 7616,9539 988,9482"/>
                <Baseline points="1030,9666 1357,9664 1684,9662 2011,9660 2339,9660 2666,9658 2993,9658 3321,9658 3648,9658 3975,9658 4303,9658 4630,9658 4957,9658 5284,9658 5612,9658 5939,9660 6266,9660 6594,9660 6921,9662 7248,9662 7576,9662"/>
                <TextEquiv>
                    <Unicode>liche Mittelton, den auch alle anderen Instrumente dafür anerkennen.” Das jeweilige Höhernehmen der mit ♯ und</Unicode>
                </TextEquiv>
            </TextLine>
            <TextLine id="r1l39" custom="readingOrder {index:2;}">
                <Coords points="962,9918 7451,9943 7311,9696 962,9696"/>
                <Baseline points="1004,9828 1324,9826 1644,9824 1965,9824 2285,9822 2606,9822 2926,9822 3246,9822 3567,9822 3887,9822 4208,9822 4528,9822 4848,9824 5169,9824 5489,9824 5810,9824 6130,9824 6450,9824 6771,9824 7091,9824 7412,9824"/>
                <TextEquiv>
                    <Unicode>Tiefernehmen der mit ♭ versehenen Töne vom Sänger und Violinisten soll nur eine „zufällige Schattirung” sein. —</Unicode>
                </TextEquiv>
            </TextLine>
            <TextEquiv>
                <Unicode>**) So sagt z. B. Kiesewetter: „Der Halbton der Klaviere ist kein temperirter; er ist der einzige natür¬&#13;
liche Mittelton, den auch alle anderen Instrumente dafür anerkennen.” Das jeweilige Höhernehmen der mit ♯ und&#13;
Tiefernehmen der mit ♭ versehenen Töne vom Sänger und Violinisten soll nur eine „zufällige Schattirung” sein. —</Unicode>
            </TextEquiv>
        </TextRegion>
    </Page>
</PcGts>
