9108 11191
4762 663 5041 941 40
2069 2052 8209 2347 Die 4te obere Quinte von C ist seine gr. III, E, die 4te untere seine kl. VI, As; die zwi¬
1597 2331 6642 2625 schenliegenden Quinten erhalten folgende widersprechende Bedeutungen:
1606 3673 8212 4062 von welchen sich die der 1ten und 3ten Quinte kreuzweis, die der 2ten aber gegenseitig aufheben
1618 4057 8192 4319 müssen. Darin, dass hier in einem Beziehungston dieser Widerspruch verschwindet, mag der
1657 4266 8198 4544 Vorzug der Consonanzen der gr. III und kl. VI vor denen der gr. VI und kl. III begründet sein;
1593 4477 8192 4781 alle vier zeigen sich aber als vermittelte Consonanzen, was ihren Werth als solche nicht im
1624 4732 8223 4970 Mindesten herabsetzt; im Gegentheil, während die Quinte allein noch nichts ganz Befriedigendes
1609 4935 8216 5182 hat, sondern zu weiterem harmonischen Fortschritt treibt (daher man von der „Leerheit” des
1621 5172 8211 5445 blossen Zusammenklanges von Grundton und Quinte zu sprechen pflegt), erweisen sie sich, als
1648 5389 8230 5668 Resultate dieses Fortschrittes, entschieden wohlthuender, und zwar ganz besonders die gr. III
1609 5608 8224 5901 und kl. VI *), weil diese zugleich gr. VI für die V und kl. III für die IV, sowie auch umgekehrt
1643 5844 7849 6115 V für die gr. VI und IV für die kl. III sind, wodurch Dur- und Moll-Dreiklang entstehen:
2118 6483 8193 6859 So führt also der Fortgang in Quinten zuerst auf die gegen den Grundton dissonirende,
1640 6777 8206 7030 mit dessen V (IV) consonirende gr. II (kl. VII), dann auf die umgekehrt gegen die V (IV) disso¬
1634 7057 8199 7349 nirende, mit dem Grundton aber consonirende gr. VI (kl. III), endlich auf die mit beiden in
1624 7280 8222 7525 consonantem Verhältniss stehende gr. III (kl. VI), womit nach oben der Duraccord, nach unten
1631 7526 8221 7773 der Mollaccord zuerst gegeben ist. Darüber hinaus folgen nur noch Dissonanzen, nämlich:
1643 7750 8209 8028 gr. VII und kl. II, IV♯ und V♭, I♯ und VIII♭ etc.; die letztgenannten, sowie die später folgen¬
1623 8008 8246 8237 den: VII♯ und II♭, VI𝀠und III♭♭) möchten wir durch die stärkere Bezeichnunge „Discordanzen”
1655 8133 8221 8411 hervorheben. Von den zwischenliegenden Quinten sind für diese dissonanten Intervalle diejenigen
1640 8384 8239 8703 die Beziehungstöne, welche mit dem Grundton und der Dissonanz consoniren; es lassen sich
2125 8686 8241 8908 *) Man könnte hier einwenden, dass die grosse Sexte doch die kleine an befriedigender Wirkung übertreffe.
1639 8879 8221 9082 Es ist dies aber nur dann der Fall, wenn sie durch das, sehr oft unwillkührliche, Hinzudenken der unteren V
1657 9009 8263 9252 (oder oberen IV) des Grundtones zugleich gr. III wird, womit allerdings der schönste Zusammenklang, der des
1664 9361 8214 9646 Duraccordes, gegeben ist: $$MUSIC. Wir betrachten hier aber die Consonanzen nur an und für sich,
1656 9601 4723 9934 abgesehen von allem harmonischen Zusammenhange.
