721 1298
401 131 441 162 66
125 165 702 202 als Grundbassklänge bezeichnet werden. Die harmonische Termino¬
118 198 711 225 logie der Mischgeschlechter wäre dann nicht wie in § 1, sondern:
117 270 703 307 Wenn nunmehr ein so wichtiger Bundesgenosse wie Dur¬
122 303 703 327 moll sich von dem R.schen reinen Moll gänzlich los¬
118 325 709 348 gesagt und die Verbindung mit Dur vollständig her¬
125 345 702 371 gestellt hat, so fällt jeder Anlass weg, jenes reine Moll
119 368 702 390 noch als lebensfähigen, ebenbürtigen Gegner des reinen
127 387 704 413 Dur zu betrachten. Oder soll nunmehr für Moll ein
125 408 705 432 zweifaches Klangprinzip, im Ober- und Untertonsinne,
118 432 709 458 neben einander bestehen? Das wäre doch höchst unnatürlich
125 451 299 482 und unerspriesslich.
386 486 446 525 § 10.
321 516 518 555 Die Melodik in Moll.
171 548 707 583 Natürlicher Repräsentant der Melodik ist die Tonleiter. „Jede
123 572 709 599 Tonleiter ist eine Auseinanderlegung des tonischen (oder eines
118 599 703 632 anderen) Akkordes mit verbindenden Durchgangstönen” (H. S. 112)
242 629 619 673 I. Tonleiter des tonischen Klanges.
164 666 709 698 Ein Hauptbollwerk des Dualismus ist stets die gegensätzliche
124 692 706 715 Gleichheit der Tonleitern bei beiden Geschlechtern gewesen (vgl.
128 712 712 737 o. § 1). Diese melodische Symmetrie ist allerdings ein wesentlicher
124 735 711 762 Vorzug gegenüber der im Grundbasssystem bisher unterschiedenen
122 760 715 784 sog. melodischen und harmonischen Molltonleiter, von denen ersterer
129 778 711 805 noch dazu steigend und fallend verschieden gebildet ist und letztere
126 801 709 828 den Schritt der übermässigen Sekunde aufweist. Jene Symmetrie
123 824 716 849 macht es auch möglich, ganze Melodien nach der gegensätzlichen
131 844 709 865 Perspektive zu verpflanzen; man braucht bloss statt des Anfangs¬
124 863 713 891 tones den entsprechenden gegensätzlichen des anderen Geschlechtes
124 887 714 910 zu setzen (z. B. statt c in C dur e in A moll) und alle Intervalle
129 906 713 934 ganz gleich, aber in verkehrter Richtung zu nehmen. Doch sehen
124 930 464 956 wir, wie R. die Molltonleiter gestaltet!
170 935 707 975 Mel. S. 9f.: „Für die Tonleiter der Molltonika haben wir
126 972 715 1002 drei verschiedene Formen, von denen zwei gut sind, die phrygische
127 993 709 1020 (resp. die äolische) und eine, die keinem Kirchenton entspricht,
127 1017 715 1043 die mit grosser Sexte und Septime (besser kleiner Unter¬
135 1040 712 1065 sexte und kleiner Unterseptime), eine dagegen nur bedingungsweise
131 1057 715 1084 gut, die mit kleiner Sexte und grosser Septime (besser: kleinen
133 1082 463 1114 Untersexte und grosser Unterseptime).”
175 1101 714 1130 Mit „phrygisch” bezeichnet R. die fallende reine Mollskala
127 1124 723 1157 von e—e, mit „äolisch” die gleichlautende fallende Mollskala von
