721 1298
193 425 422 470 Inhaltsübersicht.
32 502 536 531 I. Die Zukunft der Musiktheorie (Dualismus oder
54 530 604 558 „Monismus”?) und ihre Einwirkung auf die Praxis 5—45
22 556 526 585 II. Die Unmöglichkeit und Uberflüssigkeit der
47 579 601 609 dualistischen Molltheorie Riemanns . . . 46—71
9 602 525 634 III. Die symmetrische Umkehrung. Kritik der gleich¬
47 630 609 650 namigen Broschüre von Prof. Hermann Schröder . . . . 72—79
16 649 606 685 Anlagen: Notenbeispiele . . . 80—88
