721 1298
376 114 408 147 44
98 160 680 191 Jahrhunderten und zurückzuführen auf den Kontrapunkt als Vor¬
93 188 680 213 gänger der Harmonie. Betreffs der Quinten komme ich zu folgendem
96 208 682 232 Ergebnis: „Hiernach steht fest, dass das allgemeine Verbot der
98 231 682 256 Quintenparallelen vollständig haltlos ist und mit Unrecht noch
99 253 687 281 immer als die unumgängliche Bedingung guter Musik hingestellt
93 275 680 298 wird, deren Nichterfüllung den Dilettanten und Pfuscher verrät.
99 292 682 322 Wenn wirklich Quintenfolgen widrig klingen — ein Fall, der
94 316 687 341 vorkommen kann — so liegt das nicht an den Quinten, sondern
98 340 682 366 an der mangelnden oder ungenügenden Klangverwandt¬
100 358 686 382 schaft. Damit kommen wir, wenn wir von den stets zu recht¬
102 371 680 409 fertigenden Bassverstärkungsquinten absehen, zu dem einzig richtigen
94 403 686 427 Gesichtspunkt, der bereits von Hauptmann, Richter und Grädener
93 426 681 450 angedeutet ist, wenn sie die „Unverbundenheit der Harmonie”, den
101 446 679 470 Mangel an Verbindung zweier reiner Quinten”, die „Unverwandt¬
93 468 687 491 schaft der Tonarten” rügen . . . . Praktisch laufen vorstehende
102 489 681 512 Erörterungen darauf hinaus, dass nur Grundtonquinten in
95 512 685 538 ganztönigen Dreiklangsfolgen wegen ihrer üblen Wirkung
97 532 679 554 zu vermeiden sind, falls die oberen Quinttöne nicht lediglich Bass¬
93 554 682 578 verstärkungen und falls die unteren Quinttöne nicht nur scheinbar,
95 575 686 600 sondern wirklich Grundtöne von Dreiklängen sind . . . . Ur¬
104 595 691 622 sache der schlechten Wirkung ganztöniger Grundtonquinten ist
103 618 681 646 stets die Fernverwandtschaft der betreffenden Dreiklänge,
97 640 680 664 welche nur durch einen (zweiseitigen) Leitton und durch keinen
93 661 680 689 Ruheton verbunden sind, daher abgerissen klingen müssen.”
99 683 686 708 (In der Akkordfolge F G klingt G wie G7, so dass auch hier das
95 704 681 732 F Ruheton ist.) Wenn ich auch im übrigen auf meine Schrift
98 726 680 750 verweisen muss, so sieht der Leser doch schon soviel, dass ich
93 747 689 770 das Quinten- und Oktavenverbot nicht als einen „lächerlichen alten
93 769 679 793 Zopf” abgetan, sondern in Übereinstimmung mit meinen Gewährs¬
94 791 692 815 leuten begründet habe. Wie anfechtbar Riemanns Begründung
100 810 687 836 des Quintenverbotes (Ununterscheidbarkeit der Quinttöne wegen
102 832 682 857 noch zu starker Verschmelzung, daher Mangel an stimmlicher Selb¬
103 855 687 882 ständigkeit) in seiner Problemschrift und Harmonielehre (S. 24—26)
103 875 680 902 ist, erhellt aus folgendem circulus vitiosus: Wenn wirklich Quint¬
100 899 679 920 töne bis zur Klangeinheit verschmelzen, wie es nur bei Bass¬
93 918 680 945 verstärkungen durch Quinten ähnlich wie bei solchen durch Oktaven
93 942 688 965 der Fall ist, dann werden eben die Quintenfolgen gar nicht ge¬
99 964 682 991 hört, können also unmöglich schlechter wirken als Bassverstärkungen
95 984 681 1007 durch Oktaven, die niemand beanstanden wird. Werden dagegen
92 1007 686 1032 die Quinttöne analysiert, unterschieden, was für musikalische Hörer
97 1029 686 1052 zweifellos der Fall ist, wenn sie mehr sind als blosse Bassver¬
98 1050 688 1077 stärkungen, so vernimmt das Ohr sie ebenso als selbständige
100 1071 679 1094 Stimmen, wie Quarten- und Terzenparallelen. Als Beispiele zitiere
99 1092 686 1123 ich auch hier Fig. 49 (Bassverstärkungsquinten), Fig. 50 (sonstige
102 1113 212 1146 Quintfolgen).
