721 1298
308 94 341 142 61
36 144 621 181 Effektes (s. die hinzugefügten schwarzen Noten!). In Wirklichkeit
28 175 614 197 ist z. B. der A durklang mit dem C durklang näher verwandt als
37 195 621 221 der C mollklang mit dem A mollklang, weil in ersterer Klangfolge
36 218 613 250 zwei Ruhetöne, in letzterer aber nur ein Ruheton vorkommt. *)
78 239 621 263 Die R.sche Terminologie der Klangbeziehungen (s. o. § 1)
37 259 614 283 leidet infolge des durch seine Molltheorie fortwährend erforderten
38 283 618 304 Umspringens der Primbedeutung an nicht wegzuleugnender Kom¬
34 299 620 327 pliziertheit. Man lese folgende Stellen: Mel. S. 167: „Es ist
29 326 616 352 daher gewiss nicht verwunderlich, dass wir dazu neigen, den
34 345 617 370 schlichten Terzklang als Seitenwechselklang des Terzwechselklanges
28 369 625 396 zu verstehen; Mel. S. 169: „Der schlichte Kleinterzschritt c+ — a+
28 393 617 417 wird gern als Seitenwechselklang des Kleinterzwechselklanges ver¬
29 410 623 434 standen. Der Kleinterzwechselklang ist der Terzwechselklang des
27 435 616 456 Gegenquintklanges” (s. auch u. § 9!). Aber auch aus inneren
26 454 623 484 Gründen kann man sich nicht mit der Terminologie befreunden. Vgl.:
75 705 617 747 Trotzdem wir den E dur- und E mollklang zweifellos auf die¬
27 741 626 772 selbe Basis e beziehen, hören wir nach R. nur bei a) den schlichten
25 781 512 856 Terzschritt, bei b) aber einen Leittonwechsel $$GRAPHIC.
64 853 624 884 Bei c) hören wir den Gegenterzschritt, bei d) angeblich einen
28 881 377 964 Gegenkleinterzwechsel $$GRAPHIC (?).
75 998 625 1035 *) Die Ungleichartigkeit der Wirkung hat auch v. Oettingen er¬
34 1028 278 1058 kannt, an folgendem Beispiel:
