721 1298
309 125 351 158 39
34 165 619 194 Zauber beruht auf dem Zusammenwirken zweier an sich hetero¬
40 192 618 217 gener Durklänge und dem Mitklingen des zugleich Septime und
35 213 623 239 Quint bedeutenden Obertones derselben (!). Daher das Verschleierte,
34 229 620 256 Unklare, das Helmholtz am Mollklange hervorhebt. Ähnlich urteilt
36 255 623 279 Vischer in seiner Ästhetik (Bd. III S. 870—872): „Dur und Moll
31 276 621 303 sind völlig verschiedene Tongeschlechter, so verschieden wie Licht
30 299 621 324 und Dämmerung, frohe Kraft und gedrückte Weichheit oder Weh¬
29 320 623 345 mut . . . Moll ist nicht gerade bloss das Traurige, Weiche, sondern
38 342 620 366 überhaupt das Verhüllte der Stimmung, das Versenktsein des
38 364 623 387 Subjekts in eine Stimmung.” Die Gegenüberstellung von A cis e
38 382 617 436 und $$GRAPHIC sagt bereits alles, und die „herabziehende Schwere”,
33 425 619 456 die M. Hauptmann dem Mollklange zuschreibt, kommt sogar in
35 450 620 477 zweifacher Weise zum Ausdruck, einmal in dem (chromatischen)
31 472 624 497 Herabsteigen der Basisterz cis zum Grundton C, sodann in dem
38 492 623 518 (chromatischen) Herabsteigen des gis als Adurton zu g als C durton
35 515 621 539 im authentischen Schlusse Fig. 44, zugleich neue Beweise für den
39 537 623 565 chromatischen Charakter des gebräuchlichen Moll. Riemann führt
30 559 624 584 (Problemschrift S. 43) den unterscheidenden Charakter von Dur
33 579 620 602 und Moll darauf zurück, dass die Durkonsonanz in den einfachsten
40 602 619 627 Verhältnissen der Steigerung der Schwingungsgeschwindigkeit ihr
40 620 621 647 Wesen habe, die Mollkonsonanz dagegen auf den einfachsten Ver¬
28 643 620 668 hältnissen der Vergrösserung der schwingenden Masse (der Schall¬
28 666 619 690 wellenlänge, Saitenlänge etc.) beruhe, so dass man kurzweg das
37 688 620 714 Durprinzip in der wachsenden Intensität und das Mollprinzip in
36 710 618 734 dem zunehmenden Volumen sehen könne. Diese neue Definition
33 731 617 754 entspreche dem Charakter der beiden Tongeschlechter bestens,
38 754 622 779 Hauptmanns „herabziehende Schwere” des Mollakkordes sei erst
30 773 613 800 vollständig zu begreifen, wenn man dabei die wachsende Masse der
29 795 617 821 auf den Ton 1 bezogenen tieferen Töne ins Auge fasse, wie der
29 823 614 845 aufstrebende, helle, lichte Charakter der Durkonsonanz bestens da¬
33 838 619 865 mit erklärt sei, dass alle auf den Ton 1 (die Prim) bezogenen Töne
27 863 623 882 Steigerungen der Schwingungsgeschwindigkeit ihre Entstehung ver¬
29 880 621 906 danken Also nochmals kurz und gut: Das Durprinzip sei die
28 903 614 929 Steigerung der Schwingungsgeschwindigkeit (Aufsteigen zu nächst¬
32 926 619 954 verwandten Tönen), das Mollprinzip das Anwachsen der Schallwellen¬
28 947 507 975 längen (Herabsteigen zu nächstverwandten Tönen).
76 965 618 992 Wie kommt Riemann, der doch von physikalischen Phänomenen
28 989 619 1013 im Prinzip nichts wissen will, dazu, diese auch für die Ästhetik
37 1011 621 1036 des Mollklanges zu verwerten? Die Aufsuchung der einfachsten
29 1034 614 1058 Zahlenverhältnisse für die Schwingungsgeschwindigkeiten (4:5:6)
29 1056 618 1081 und für die Schallwellenlängen (6:5:4) fällt ja ganz unter die
37 1078 620 1100 Obertonbetrachtungen! Vor allem aber führen auch diese Argu¬
34 1101 624 1122 mente Riemanns immer wieder zu dem Schluss, dass Dur- und
33 1120 620 1154 Mollklang nur als in der Richtung, nicht aber auch als in der
