721 1298
391 113 435 158 64
109 158 696 191 sich auch für Mollmodulationen geltend und lässt den Übergang
115 190 698 213 in die Unterdominanttonart, obgleich derselbe harmonisch
112 212 697 237 die natürlichste Weiterentwicklung (der schlichte Quint¬
111 234 697 258 schritt) ist, als ein Hinabsinken erscheinen” . . . (Mod.
118 255 178 286 S. 138).
153 259 703 300 Dass das melodische Prinzip zur Verteidigung der Unterton¬
110 293 697 320 theorie ungeeignet ist, haben wir schon oben § 3 ausgeführt. Nicht
117 320 693 341 dieses ist die Ursache für das Hinabsinken der Unterdominantton¬
111 343 703 369 art, sondern das harmonische Grundbassprinzip, welches für
117 361 381 395 das Ohr allein massgebend ist.
385 406 428 447 § 9.
365 443 449 475 Durmoll.
158 476 709 505 Mod. S. 29: „Wie aus der Harmonielehre bekannt, hat die
111 497 699 526 Molltonart zwei sehr stark von einander abweichende Möglichkeiten
118 525 698 547 der Kadenzbildung, deren eine (mit Molloberdominante), die der
114 545 703 572 Molltonart im strengsten Sinne eigne, aber seltener angewendete,
117 568 696 590 der Kadenz der Durtonart gegensätzlich ist, die andere (mit Dur¬
123 590 704 613 oberdominante) dagegen derselben nachgebildet. Der Dur¬
113 609 697 635 kadenz c+ — f+ — g+ — c+ stehen gegenüber die Mollkadenzen
127 634 554 661 0e — 0h — 0a — 0e und 0e — 0a — e+ — 0e”.
164 646 701 682 Mod. S. 47: „Vor der Duroberdominante resp. dem sie vor¬
112 674 703 698 bereitenden Quartsextakkord wird oft wie in Dur der Unter¬
120 697 702 722 dominantseptimenakkord einfach oder auch doppelt chromatisch
117 721 698 743 verändert. Die Erhöhung der Unterdominantterz kennen wir als
113 737 705 765 dorische Sexte; wird dazu auch noch der Grundton (d in aVll)
112 763 705 786 erhöht, so wird die Harmonie zur 2. Oberdominante umgedeutet;
117 784 699 810 dieselbe Auffassung findet statt, wenn nur der Grundton erhöht
118 808 458 834 wird, die Terz aber unverändert bleibt.
159 828 703 851 Um den Parallelismus, den hier R. zwischen Dur und Dur¬
112 848 701 875 moll zieht, noch besser zu beleuchten, sei auch die entsprechende,
112 874 698 895 auf Dur bezügliche Äusserung R.s hier wiedergegeben. Mod. S. 44:
118 892 700 918 „Beim Übergange von der Unterdominante zur Oberdominante (resp.
112 916 703 939 deren Quartsextakkord) erscheint eine neue Zwischenharmonie, die
114 936 699 961 durch chromatische Erhöhung des Grundtones der Unterdominante
113 958 697 986 entsteht ($$GRAPHIC), aber ohne alle Schwierigkeit auch gemäss der da¬
121 976 695 1006 durch entstandenen neuen Tonkombinationen als zweite Ober¬
123 998 699 1031 dominante (d7) verstanden werden kann; die letztere Auffassung
113 1025 701 1053 muss Platz greifen, wo die Komponisten diese Zwischenharmonie
121 1048 704 1072 in der Gestalt eines kleinen Terznonenakkordes (verminderten
113 1069 705 1097 Septimenakkordes der alten Terminologie) einführen, z. B. in C dur
117 1088 613 1122 fis a c es = d9> (statt des selteneren fis ac dis = $$GRAPHIC).
160 1105 697 1146 Endlich Mod. S. 86: „Die Einführung des Seitenwechsel¬
