721 1298
319 117 367 150 11
42 150 635 186 Da ist zunächst das Doppelklangprinzip, welches Riemann
46 184 628 207 in seiner Problemschrift als einen Rückschritt erklärt. „Man schlage
40 206 633 235 meine Dissertation (1873) und meine „Musikalische Syntaxis” (1877)
40 228 630 250 auf und man wird finden, dass ich mich da noch mit Doppelklängen
45 251 626 274 mühselig herumschlage (z. B. c e gis als ein Stück A mollakkord
45 271 627 292 und ein Stück E durakkord, c e g h als C durakkord mit einem
39 291 627 315 Stück G durakkord usw.). Das Aufgeben von Akkorden, in denen
43 315 630 338 zwei Harmonievertretungen koordiniert wären, an deren Stelle ich
40 334 635 362 seit der „Skizze einer neuen Methode der Harmonielehre” (1880)
42 356 619 386 vielmehr die absolute Unterordnung der einen Klang¬
50 379 632 406 vertretung unter die andere und ihre Qualifizierung als
41 399 631 425 (dissonante) Stufen innerhalb der Skala der dominierenden Harmonie
41 421 633 442 setze, halte ich für einen der allerwichtigsten Fortschritte der Er¬
46 444 632 470 kenntnis, welchen ich im Verlaufe meiner Arbeiten gemacht habe.”
41 464 629 487 In seiner Geschichte der Musiktheorie (1898) sagt dementsprechend
44 486 631 508 Riemann von den „Nebendreiklängen” der Tonart, dass sie gleich¬
46 507 632 530 zeitige Vertretungen je zweier der drei Hauptharmonien seien, von
46 529 631 553 denen stets die eine als Hauptinhalt (Konsonanz), die andere als
41 547 636 572 fremder Zusatz (Dissonanz) verständlich sei; z. B. sei a c e in C dur
43 571 637 594 entweder eine dissonante Form der Tonika (mit Sexte statt der
46 594 632 618 Quinte) oder eine solche der Subdominante (mit Leitton statt
43 613 632 637 der Prim). Noch deutlicher lässt sich Riemann im gleichen Werke
39 637 633 659 S. 460 über dieses a c e aus: „Zu den hervorragendsten theo¬
44 657 625 684 retischen Leistungen Rameaus gehört die Erklärung des Trug¬
45 678 631 705 schlusses als eines durch einen fremden Ton (die Sexte der Tonika)
46 701 631 727 gestörten Schlusses, m. a. W. der Schlussakkord des Trugschlusses
45 722 637 746 behält die Bedeutung des tonischen Akkordes, und seine Terz kann
46 744 629 770 daher jederzeit verdoppelt werden, weil sie in Wirklichkeit der
38 767 630 789 Grundton des tonischen Akkordes ist.” Als Beispiele führt Riemann
44 787 627 812 die hier unter Fig. 1 a) b) verzeichneten Trugschlüsse an. Das c
45 810 629 836 ist also Grundton; nicht aber auch der Basston a im A mollklange?
39 831 635 851 Wenn man die drei Fälle in Fig. 1 sich klingend verwirklicht, hört
44 851 635 873 man dann nur bei b) und c) das as bezw. a als Grundton, bei a)
45 874 629 897 dagegen das a als Sexte, als „fremden Zusatz” zum C-Klange?
44 895 631 917 Ich glaube, jeder meiner Leser wird auch hier das a als Grund¬
45 915 627 942 ton vernehmen, so dass der Doppelklang A C e (g) entstünde. Auch
40 938 632 961 Riemann kommt, ohne es zu wollen, zu diesem Ergebnis, wie
46 961 632 986 folgende Äusserungen in seinem Handbuch der Harmonielehre (1887)
39 985 248 1010 unzweideutig beweisen.
80 1011 638 1046 S. 71: „$$GRAPHIC *) ist der Zusammenklang eines Durakkordes
38 1036 639 1078 und eines Mollakkordes, die im Verhältnis des Terzwechsels stehen.
84 1093 631 1122 *) Der Einfachheit halber habe ich den von Riemann notierten
39 1113 500 1145 ganz gleichartigen Akkord d f a c durch a c e g ersetzt.
