721 1298
368 109 412 151 62
362 160 410 193 § 8.
317 187 458 226 Modulationen.
90 214 679 257 I. Umdeutung eines Kadenzmomentes in ein anderes.
231 249 556 282 1. Die Tonika wird Oberdominante.
140 278 685 307 Mod. S. 97: „Die Durtonika braucht nur die schlichte Septime
95 305 680 330 anzunehmen, um sofort als Oberdominante verstanden zu werden;
102 327 675 353 die Molltonika muss zuvor noch die Terz erhöhen und zum Dur¬
101 348 625 377 akkord werden (c+ — c7 — f+ [0c]; 0e — a7 — 0a [d+]).”
142 361 680 395 Die hier von R. in Beziehung gesetzten Modulationen betreffen
94 382 679 417 nicht die beiden reinen Geschlechter, sondern Dur und Durmoll.
103 413 678 435 Weshalb zieht R. nicht den Schluss, dass analog Dur auch in
95 434 679 456 Moll die Hinzufügung der Septe zur Molltonika derselben sofort
94 455 687 482 Oberdominantbedeutung (im Untertonsinne) gebe? (Das Prinzip
102 478 681 502 der gegensätzlichen Gleichheit fordert diese Konsequenz doch un¬
100 501 680 530 bedingt.) Die Antwort ist: Bei den reinen Geschlechtern besteht
94 520 489 547 in Wirklichkeit diese Analogie nicht! Vgl.
97 634 685 662 Hier hören wir eVll nicht als Oberdominante der Mollperspektive,
96 657 686 682 sondern als Unterdominante der Durperspektive mit Sexte, so dass
95 679 542 711 uns die Fortschreitung bei b) natürlich erscheint.
227 714 560 746 2. Die Tonika wird Unterdominante.
137 747 611 776 Folgende Modulationen sollten einander entsprechen:
95 893 691 922 Auch hier hat indessen R. das reine Moll übergangen und die
105 920 685 949 Umdeutung nach Dur (Durmoll) unternommen mit $$GRAPHIC.
164 957 619 987 3. Die Unterdominante wird zweite Oberdominante.
135 985 613 1018 Folgende Modulationen sollten einander entsprechen:
