721 1298
297 125 339 159 29
28 161 606 203 Ausdruck; sie wirken mit dem Akkord zusammen, den Klang¬
20 198 612 227 charakter intensiver auszuprägen und spielen dadurch eine weit
28 216 322 248 wichtigere Rolle als die Obertöne.”
63 229 607 262 In welch wenig beneidenswerter Lage befindet sich doch
23 259 614 283 H. Riemann! Er rechnet mit den Obertönen als Machtfaktoren
26 280 617 304 und lehnt sie doch ab, offenbar, weil der polare Gegensatz der
25 301 611 326 Obertonreihe, die Untertonreihe nach seinem eigenen späteren Zu¬
28 322 615 349 geständnis objektiv nicht nachweisbar ist. Er rechnet weiter mit
25 344 608 370 den Kombinationstönen und kann sie doch für seine Molltheorie
26 366 609 393 nicht gebrauchen. Endlich: er hält zur theoretischen Begründung
26 388 613 411 dieser Theorie an den Untertönen fest und nimmt doch überall zu
27 410 614 432 den Obertönen, zum Grundbassprinzip, seine Zuflucht. Aus diesem
28 429 605 453 Wirrwarr rette sich, wer kann! Ein Wort noch über das Unterton¬
21 453 605 477 experiment Riemanns am Klavier, das er in seiner Musi¬
27 476 609 501 kalischen Syntax (1877) erwähnt: „Ich mache die eigentümliche
26 496 609 519 Erfahrung, dass ich auf dem Pianoforte bei Angabe eines g′, welches
23 518 615 546 ich sofort nach starkem Anschlage dämpfe, schwach aber deutlich,
26 539 612 562 freilich sehr schnell verschwindend, c höre, von welchem Ton ich
24 560 608 589 durch Herabdrücken der Taste den Dämpfer gehoben habe.” Stumpf
25 585 608 610 sagt dazu in seiner Tonpsychologie II S. 264—271: „Tatsächlich
16 604 614 626 trifft der Versuch nach meiner Beobachtung zu. Aber die Ursache
17 625 609 650 ist eine andere: nicht die Mitschwingung dieses speziellen Tones
23 647 609 671 speziell auf seine höhere Duodezime, sondern die allgemeine
26 670 608 693 Erschütterung des Instrumentes.” Stumpf führt zum Beweise an,
25 690 614 714 dass man auch bei Angabe irgend eines anderen Tones oder beim
25 712 613 734 Klopfen auf den Deckel des Klaviers den Ton der nicht gedämpften
22 734 606 758 Saite oder einen ihrer Obertöne höre und kommt zu folgendem
26 755 607 778 Ergebnis: „Wenn nur unter ganz zufälligen oder auch raffiniert
20 776 617 802 ausgesonnenen Umständen in vereinzelten Fällen Untertöne zum
27 798 612 824 Vorschein kommen, was sollen sie für eine allgemeine Theorie der
23 820 607 845 Konsonanz, für den Aufbau eines Musiksystems nützen? . . . Es
24 839 613 867 fehlt also an einer genügenden Motivierung für jene angebliche
25 863 609 888 unbedingte Unmöglichkeit des Heraushörens der Untertöne. Die
25 886 608 914 einzige genügende Erklärung scheint doch eben die zu sein, dass
23 907 176 933 sie nicht da sind.”
68 925 613 957 Das „Mitschwingen durch Resonanz”, auf welches
24 947 615 975 Stumpf anspielt, lässt sich in einer anderen, Riemann unbekannten,
27 971 611 999 über von mir in meiner Musikalischen Akustik mehrfach ange¬
26 993 615 1015 wendeten Weise vortrefflich zu akustischen Experimenten am Klavier
28 1015 607 1038 verwerten. Schlägt man nämlich zu der stumm niedergedrückten
24 1038 615 1058 Taste des grossen c kurz g′ an (aber im Gegensatz zu Riemann: ohne
24 1058 613 1085 die Saite hernach zu dämpfen), so tönt dieses g′ sehr vernehmlich
23 1080 614 1102 als Oberton der durch die Erschütterung des Instruments in
27 1101 607 1124 Schwingungen versetzten C-Saite fort. Dass in der Tat das stumme C
25 1123 612 1154 das Fortklingen des g′ veranlasst, wird dadurch bewiesen, dass bei
