721 1298
381 323 436 376 III.
178 397 623 434 Die symmetrische Umkehrung.
369 446 446 486 Kritik
111 485 703 513 der gleichnamigen Broschüre von Prof. Hermann Schröder
313 517 507 558 von Georg Capellen.*)
110 549 700 590 Schröder, Prof. Hermann. „Die symmetrische Um¬
135 584 698 609 kehrung in der Musik. Ein Beitrag zur Harmonie- und
142 604 697 631 Kompositionslehre. Mit Hinweis auf die hier technisch not¬
140 626 705 650 wendige Wiedereinführung antiker Tonarten im Stile moderner
142 649 696 672 Harmonik”. Leipzig, Breitkopf & Härtel (Beiheft VIII der
141 669 595 698 Publikationen der internationalen Musikgesellschaft).
162 694 696 727 Dualismus oder Monismus? Das ist die zur Zeit brennendste
111 720 700 744 Streitfrage in der Musiktheorie. Eigentlich sollte es hier gar keinen
114 742 698 765 Kampf geben; denn die scheinbar blendende Herleitung des Moll¬
119 764 704 786 klanges und der Molltonalität aus der Kopfstellung des Durklanges
112 787 697 809 und der Durtonalität, wie sie Hauptmann, von Oettingen und
115 807 702 833 Riemann versucht haben, erscheint dem logisch denkenden Praktiker
114 830 699 856 als ein so offenbarer Nonsens, dass im Interesse einer erspriess¬
114 850 697 873 lichen Musikpflege nicht scharf genug dagegen vorgegangen werden
120 872 696 897 kann. Möge mir daher eine ausführliche Besprechung der obigen
115 893 680 922 Broschüre, die ebenfalls dem Dualismus huldigt, gestattet sein!
160 915 701 941 Zum Verständnis des Begriffs „Umkehrung” sei hier zunächst
115 935 703 962 mit Schröder auf den Unterschied zwischen einfacher Umkehrung
119 957 701 987 (Inversio simplex) und symmetrischer Umkehrung (Inversio stricta)
115 980 703 1007 hingewiesen, wie er in folgenden Skalen zum Ausdruck kommt:
161 1034 705 1062 *) Vgl. hierzu meine Broschüre „Die Abhängigkeitsverhältnisse in
117 1053 701 1077 der Musik” (eine vollständige, logisch einheitliche Erklärung der Probleme
115 1075 703 1095 der Figuration, Sequenz und symmetrischen Umkehrung (C. F. Kahnt
118 1092 343 1122 Nachf., Leipzig 1904) § 9.
