721 1298
386 113 420 153 54
100 158 691 190 (konsonanter) Mollklang 0c, müsste also als f3> notiert werden.
102 191 691 218 Diese Folgerung liegt um so näher, als R. in A moll den Durklang
102 209 582 239 d fis a ja analog als aIII< erklären zu müssen glaubt.
381 262 421 302 § 5.
314 294 492 331 Der Nonenakkord.
146 337 691 363 Interessant ist die Betrachtung des Nonenakkordes in beiden
105 353 690 387 Geschlechtern, da g9 in C dur und aIX in A moll identisch sind
116 383 692 427 $$GRAPHIC, desgl. der elliptische kleine Nonenakkord in A moll¬
99 437 688 467 dur und A durmoll $$GRAPHIC. Letzteres Gebilde ist unter
98 469 696 511 dem Namen „Verminderter Septimenakkord” bekannt. Sehen wir
100 500 589 527 nunmehr, wie sich R. zum Unternonenakkord stellt:
147 515 688 547 „Der grosse Moll-Nonenakkord erscheint auf den ersten Blick
105 537 690 568 ganz ungebräuchlich; doch betrügt uns hier eine aus der General¬
101 564 686 586 bassbezifferung herstammende gewohnheitsmässige Auffassung. Fort¬
102 585 690 611 schreitungen wie cis9 — h+ würden ihrer schlussartigen Wirkung
101 610 687 633 nach ganz unverständlich sein, wenn nicht die Auffassung des cis9
100 628 692 656 als disIX möglich wäre” (H. 79). Die Wahrheit ist, dass auch in
103 649 692 674 dieser Verbindung der Nonenakkord cis9 wirklich als solcher
105 672 690 701 gehört wird, da er doch über einem Durdreiklange aufgebaut ist
111 696 690 717 und das Ohr jeden Klang stets auf die natürlichste Weise, d. h. als
106 712 687 740 Oberklang, auffasst. Das Liegenbleiben der Sept und Non ist
101 735 688 762 zwar irregulär, vermag aber die Bedeutung des Klanges nicht zu
102 757 687 780 ändern, vgl. die Folgen g h d f — d f a oder f a c in C dur! Ferner
100 778 685 805 Mod. S. 46: „Ob cis e g b im Dur- oder Mollsinne verstanden wird,
109 802 696 824 ist in den meisten Fällen gleichgültig und vom Belieben, resp. der
105 822 694 844 Gewöhnung des Hörers abhängig. Nur in den Fällen, wo der
105 844 695 866 Bass den Schritt g—d macht, ist die Auffassung im Mollsinne
107 866 691 888 obligatorisch, da das Abspringen von der Dursept hässlich, das
106 887 695 910 Fortschreiten von Mollgrundton zu Mollgrundton dagegen absolut
109 908 686 931 normal ist” (s. Beisp. 1). Und doch wird auch in zweifellosen
106 929 698 954 Durseptimen- und Durnonenakkorden nicht selten von der Sept
100 951 424 980 abwärts gesprungen, s. Beisp. 2, 3:
145 1086 688 1117 Wir sehen also, dass der grosse und kleine Mollnonenakkord
99 1110 697 1138 Riemanns ganz überflüssige Gebilde sind. Wir werden sie stets
