721 1298
301 113 339 147 69
23 151 621 189 zu entscheiden, ob nicht auch im Grundbasssinne ein reines Moll
27 183 619 207 mit einer vollständig diatonisch verlaufenden Skala möglich ist.
22 205 615 232 Gewiss! Wir brauchen bloss einer der Wurzeldurtonarten C, F
28 226 611 250 oder G den Vorrang im A mollsinne einzuräumen und die Herr¬
23 253 619 273 schaft der Basistonart A dur entsprechend zu beschränken. Am
26 269 613 294 besten ist die C durtonart zur Versetzung (Projektion) nach der
23 291 612 315 Mollbasis geeignet. Wir erhalten dann folgendes symmetrische
23 312 148 344 Harmoniebild:
75 455 621 492 Konsequent ergeben sich als normale Kadenzen dieses Typus
33 490 345 526 „Kleinmoll” (vgl. § 6 I und S. 22):
