721 1298
380 101 411 145 74
94 153 681 186 Ohre aufgefasst werden, wie bei Spiegelbildern vom Auge. Das
94 177 673 201 ist aber nicht der Fall, wie aus obigen Zugeständnissen des Ver¬
93 200 675 223 fassers hinlänglich hervorgeht. Wie eine Luftspiegelung sofort
94 220 678 248 zum Zerrbilde werden würde, wenn in sie Züge des aufrechten
100 243 683 267 Bildes hineingetragen würden, so muss auch durch die Verquickung
101 267 678 290 von Original und symmetrischer Umkehrung, d. h. von Ober- und
93 284 685 311 Untertonprinzip notwendig eine wenig erfreuliche Zwitterbildung
96 307 683 330 und Karikatur entstehen. Das Ohr lehnt aber überhaupt die dem
99 328 675 355 Auge bemerkbare Kopfstellung ab, da es nach dem auch in der
90 350 673 375 Musik gültigen Gesetz der Schwere alle Töne im Zusammenklange
94 375 677 397 von unten nach oben (im Grundbasssinne) hört. Der äusser¬
92 391 673 419 liche Unterschied in der Richtung vertieft sich also zum
96 416 674 441 Unterschiede in der Art. Das wird auch vom Verfasser not¬
97 437 678 464 gedrungen zugegeben, wenn er S. 29 sagt: „Also bleibt jedes
93 458 673 483 Intervall und jeder umgekehrte Akkord in seiner äusseren Grösse
88 479 684 503 sich gleich, nur etwa in seinem inneren Gehalt oder in seinem
98 499 679 527 Verhältnis zur Tonika tritt eine Veränderung ein.” Und auf diesen
91 519 678 546 inneren Gehalt, wie er nicht dem Auge, sondern dem Ohre
91 544 676 567 bewusst wird, kommt doch alles an! Dass es gewagt ist, zwischen
94 565 674 590 Auge, Licht, Farbe, Malerei und Ohr, Schall, Ton, Musik Ver¬
94 588 678 615 gleiche zu ziehen, trotz mancher Analogien, erkennt man an der
91 608 678 633 unterschiedlichen Wirkung von Luftspiegelung und symmetrischer
93 631 678 657 Umkehrung sofort. Vor allem ist noch folgender Unterschied zu
101 653 683 677 beachten: „Wenn wir Schallwellen mischen, so erhalten wir eine
99 675 679 698 zusammengesetzte Empfindung; wenn wir dagegen Lichtwellen
98 695 675 723 mischen, so erhalten wir stets eine einfache Empfindung” (Wundt,
103 714 676 748 Vorlesungen über die Menschen- und Tierseele). Wenn Verfasser
95 737 678 762 S. 34 bemerkt: „Die Wissenschaft will bis jetzt von Untertönen
89 763 681 789 noch nichts wissen, sie hält sich nur an das Faktum der Ober-
95 781 679 804 Partialtöne, gleichsam wie ehedem nur an das des Oberlichts, bis
93 803 676 828 das Unterlicht (X-Strahlen von Röntgen) entdeckt wurde”, so möge
91 825 676 851 er bedenken, dass das „Unterlicht” gerade so gut Atherschwingung
94 847 676 873 ist wie das „Oberlicht”, beide also nicht qualitativ, sondern nur
94 872 674 895 quantitativ (durch die Intensität der Wellenbewegung) verschieden
91 890 681 919 sind. Auch auf diese mystische Weise ist mithin der Gegensatz
89 914 578 938 zwischen Ober- und Untertönen nicht zu rechtfertigen.
135 930 673 957 Der Verfasser irrt endlich, wenn er die Untertontheorie durch
89 949 681 977 die beim Anschlagen eines Intervalles hörbaren tieferen Kombinations¬
93 976 678 998 töne gerechtfertigt glaubt; denn das mit dem Intervall a—e ent¬
91 998 679 1022 stehende tiefere a wird nicht als Unterquinte des e, sondern als
94 1018 672 1043 Grundbass der A-Obertonreihe verstanden, das f zu a—c desgl.
93 1037 677 1067 als Grundbass der F-Obertonreihe, c zu c—e als Grundbass der
98 1061 674 1087 C-Obertonreihe — mit anderen Worten: Alle Intervalle werden
90 1082 681 1107 im Dursinne gehört. Niemals wird es gelingen, zu c—e ein tiefes
94 1105 679 1136 a als Kombinationston zu vernehmen. Die Kombinations-(Differenz-)
