721 1298
333 105 363 138 17
51 150 643 180 f a c e g als „Formen der Unterdominante mit noch aus der Tonika
55 177 634 206 herübergebundenen, jedenfalls noch aus ihr herrührenden,
51 197 134 226 Tönen.” (!)
94 214 631 243 Beispiele mit der kleinen Septime als konkurrierendem
50 238 637 266 Grundton bringt Fig. 13, mit der Analyse: $$GRAPHIC. An
46 259 635 296 der möglichen Selbständigkeit auch dieses Doppelklanges ist nicht
46 294 639 320 zu zweifeln. Das Beispiel bei c) stammt von Riemann (a. a. O.),
45 316 639 349 der zweite Klang wird von ihm als $$GRAPHIC konstruiert, obwohl die
50 346 637 373 herübergebundenen Töne f a c wirklich als Vertreter der Unter¬
45 365 632 393 dominante vernommen werden. Dass sogar alle 3 konstituierenden
46 391 638 415 Klänge der C durtonart als Tripelklang selbständig (d. h. nicht
47 412 633 438 bloss als Vorhalt oder Durchgang) auftreten können, beweist Fig. 14,
53 437 632 460 wo der dritte Klang = G (h) d F a C e g also = G7 + F + C ist.
89 456 631 481 Eine für die Musikpraxis äusserst wichtige Konsequenz des
46 477 629 500 Doppelklangprinzips ist, dass die den Zusammenklang oben ab¬
46 499 631 523 schliessenden Töne aus fremden Zusatztönen zu wirklichen Akkord¬
52 523 630 546 tönen, somit aus ihren starren Fesseln erlöst und zu grösserer
52 541 631 568 Freiheit geführt werden. So ist z. B. in f a c e in C dur das e
44 563 635 587 in Wahrheit nicht (erhöhte) Septime der Basis f, sondern natür¬
52 586 635 610 liche Terz des übergesetzten C-Klanges. Führungen dieser an¬
51 608 632 632 geblichen Septime wie in Fig. 11 b), d), g), sind daher ebenso
52 628 637 650 erlaubt, wie wenn der C-Klang allein ertönte, so sehr auch die
47 650 635 677 traditionelle, längst überlebte Theorie gegen diese Gleichstellung
46 672 640 698 zetern mag. Dass ferner in Fig. 11 e) und f) das e des zweiten
45 692 632 716 Akkords liegen bleibt, ist nicht weiter auffällig, wenn man das e
51 711 638 742 gleichfalls als Terz des C-Klanges mit (C) e G h (d) f als Klang¬
46 737 632 760 ganzem hört. Nunmehr werden auch Fig. 13 a), Fig. 14 und
51 755 634 782 Fig. 3 a), c) verständlich. Das Gesetz, nach welchem der Fort¬
46 782 632 806 gang der Töne bald als regelmässig, bald als unregelmässig an¬
46 805 632 828 zusehen ist, habe ich im Teil II meines Theoriewerkes § 1—3 als
46 825 631 850 ganz allgemein (nicht bloss für Dissonanzen) gültig so aus¬
45 848 631 873 gesprochen: „Zweiseitige Töne, d. h. solche, welche zum folgenden
47 867 637 893 Akkord (diesen akustisch vollständig und in beliebiger Lage ge¬
50 886 629 913 dacht) nach 2 Seiten (nach oben und unten) stufenweisen An¬
52 910 630 934 schluss haben, können nach oben oder unten stufenweise sich
46 925 633 953 bewegen. Einseitige (diatonische) Töne sind unfreie Töne
56 948 639 975 (Strebetöne) und als solche auflösungsbedürftig, d. h. in derselben
52 973 633 996 Stimme oder wenigstens Oktavlage gemäss ihrer Leitrichtung fort¬
54 996 630 1020 zuführen, nicht nur in dissonanten, sondern auch in konsonanten
48 1015 633 1043 Intervallen. Ruhetöne sind vollständig frei, ebenso ist der Sprung
56 1037 630 1061 eines Grundtons zum andern stets zuzulassen, mag nun der
52 1061 630 1086 springende Grundton Ruheton sein oder nicht. Die hiernach
48 1080 633 1106 irregulären Sprünge zweiseitiger oder einseitiger Töne können
47 1102 644 1130 dennoch von hohem melodischen Reiz sein . . . § 6: Der einzig
