721 1298
380 119 413 150 28
108 165 688 192 monischen Prinzipien” heranzieht, erhellt nicht nur aus seinen bis¬
102 189 686 212 herigen Schriften, sondern auch aus seiner Problemschrift S. 5, wo
103 209 695 235 er sagt, dass h d f in C dur als ein elliptischer G durakkord (!) mit
102 232 688 258 Septime gehört werde (vgl. Riemann, Harmonielehre §§ 25, 28, 29,
105 254 689 281 ferner oben seine Notierung c7< für den Mollklang e g h!). Für
104 272 691 297 den Wert der Kombinationstöne oder richtiger des Kombinations¬
105 298 688 326 tones (= Grundbasses) für die musikalische Akustik sprechen
102 317 688 343 folgende Äusserungen. Stumpf, Tonpsychologie II § 25: „Wenn
109 338 688 367 ein Differenzton in der Wahrnehmung auftritt, macht er sich so¬
106 361 692 386 gleich als Grundlage und Träger des Ganzen geltend. Es ist uns
100 388 684 410 nachträglich, als hätten die Primärtöne bis dahin in der Luft ge
111 404 691 428 schwebt und nun erst ihre feste Unterlage gewonnen, obgleich wir
104 430 688 454 vorher diesen Eindruck nicht hatten, eine Unterlage nicht vermissten.
103 447 691 468 Anders bei den Obertönen. Ein wahrgenommener Oberton er¬
113 468 690 499 scheint uns eben als ein hoher Beiton, ohne irgendwie die Auf¬
111 487 698 517 fassung des Ganzen als solchen zu verändern . . . Es tritt damit
102 511 691 535 ein Standpunkt in der Tonauffassung hervor, eine Tatsache,
111 533 687 556 die uns im eigentlich musikalischen Gebiet noch viel beschäf¬
105 555 697 580 tigen wird, da sie für die entwickelte musikalische Tonauffassung
106 577 684 604 ganz unentbehrlich ist. Sie ist nicht etwa durch Gewohnheit, aus
109 596 690 627 gebildet durch musikalische Erziehung oder historische Entwicklung
105 622 695 645 unseres Musiksystems zu erklären, da das Phänomen auch bei
112 640 698 666 Unmusikalischen sich aufdrängt. Musikalische Gewohnheiten
102 661 689 685 können allerdings die Erscheinung komplizieren, insofern in vielen
103 684 691 707 Fällen unter dem reell vorhandenen tieferen Ton ein dritter noch
110 706 697 728 tieferer als „Grundton” hinzugedacht wird. So pflegen wir zur
102 727 697 752 kleinen Terz e g, wenn sie ausser dem Zusammenhang gehört wird,
111 749 690 772 in Gedanken c zu ergänzen, d. h. jene Terz als oberen Teil eines
106 768 695 794 Durdreiklanges aufzufassen. Auch bei Musikalischen wird indessen
107 792 690 817 der tiefere der wirklich vorhandenen Töne (nicht ein dritter noch
113 813 687 836 tieferer) als Träger der Tonhöhe aufgefasst, wenn die beiden Töne
110 836 687 859 des Intervalls der tiefen Region entnommen werden, z. B. bei C A,
109 859 688 882 auch bei C a. Hier ist man eben nicht gewohnt, F als Grundton
102 882 689 906 zu ergänzen, da ein solcher Akkord ‚F C A in dieser Tiefe unge¬
102 901 693 922 bräuchlich ist und schon der Versuch, ‚F neben den wirklich ge¬
110 923 688 948 hörten Tönen in der Phantasie vorzustellen, auf Schwierigkeiten
108 943 697 967 stösst.” A. J. Polak („Zeiteinheit”) S. 16: „Der tiefste Ton ist für
102 964 688 987 unser Gehör der vorherrschende; darum erregen neben den primären
109 986 698 1008 Tönen auch die tieferen Differenztöne schon eher als die höheren
110 1006 689 1030 Obertöne unsere Aufmerksamkeit. Dazu kommt noch, dass der
102 1028 688 1051 Durakkord Differenztöne hervorruft, die der Einheit des Akkordes
102 1052 697 1076 eine objektive Unterlage verleihen, die in Wirklichkeit bejaht und
108 1071 687 1096 vervollkommnet, was die primären Töne des Akkordes zu verstehen
107 1098 694 1121 geben. Anders beim Mollakkord. Beim Durakkord geben die
107 1115 698 1143 Differenztöne der Einheit, beim Mollakkord der Zweiheit grösseren
