721 1298
380 116 411 153 42
100 160 692 189 an Fig. 46, so exotisch-fremdartig auch diese Klang- und Tonfolge
95 185 689 212 dem deutschen Leser vorkommen mag, doch bezweifeln (vgl. o. S. 36).
139 207 689 234 Auch dem verminderten Dreiklang in Fig. 47 muss
96 231 686 255 man Konsonanzwert zusprechen, da durch die Verdoppelung des f
94 251 691 274 das nötige Gegengewicht gegen den starken Oberton fis des Grund¬
106 274 686 303 basses H geschaffen wird, so dass statt H D ♮fis (a) die Auffassung
100 296 684 322 (G) h d f mit h als Terz näher gelegt wird. Damit erhält sogar
104 318 689 345 die hypophrygische Kirchentonleiter h c d e f g a h, oder modern-
95 338 319 370 harmonisch ausgedrückt:
95 421 693 458 eine gewisse Berechtigung und wäre als „Extremes Grossmoll” dem
99 456 589 483 „Grossmoll” (Phrygisch) in Teil I S. 127 beizugesellen.
146 476 691 505 Um zu beweisen, dass weder die Anhänger der Durtrübung
95 502 689 527 noch der Kopfstellung mit ihrer Mollauffassung ausreichen, sei
100 530 687 555 noch Fig. 48 als Beispiel angeführt. Wird hier statt dis d ge¬
105 547 691 574 spielt, so ist sicherlich das g—h am Schlusse als G-durklang zu
103 567 685 591 erklären. Mit dis drängt sich dagegen g—h als Mollklang e g h
105 589 683 613 auf, zumal der Grundton e in dem Intervall e—g vorherliegt.
97 610 686 633 Dennoch bleibt die Auffassung von g—h als G h (d) auch hier
94 629 680 657 bestehen. Mit diesem paradoxen Sachverhalt stimmt die Moll¬
95 651 682 687 analyse E G h (d) vortrefflich überein, ganz und gar nicht dagegen
96 684 281 720 E ♮gis h und $$GRAPHIC.
138 710 691 738 Endlich sei die Konsonanzfrage betreffs des Dur- und Moll¬
102 733 680 763 klanges gegenüber den Dualisten nochmals genau präzisiert: Sie
106 757 656 786 ist nicht im Anschluss an die Gegenüberstellung v. Oettingens
94 777 691 826 (tonischer Grundton $$GRAPHIC phonischer Oberton)
104 826 685 858 so zu entscheiden: „Der Durakkord ist tonisch konsonant und
106 852 685 877 phonisch dissonant, der Mollakkord ist phonisch konsonant und
96 876 679 900 tonisch dissonant” (wie auch Riemann, Problemschrift S. 24, be¬
95 892 686 920 hauptet), sondern so: Der Durakkord c e g ist (in Grund¬
95 917 685 940 stellung) in jedem tonalen Zusammenhange kon¬
105 938 686 966 sonant, der Mollakkord a c e ist konsonant als Doppel¬
99 959 689 983 klang A C e (g) und als einfacher Klang (D fis) a c e,
100 982 683 1008 dagegen dissonant als Doppelklang (F) a C e (g) und
100 1003 684 1029 als einfacher Klang A ♮cis e. Dur und Moll sind stets
107 1028 685 1051 „monistisch”, d. h. von der Grundbassperspektive
100 1046 684 1078 aus zu betrachten, entsprechend dem tatsächlichen
96 1067 173 1097 Hören.
143 1083 693 1115 Dieses in Wahrheit monistische Glaubensbekenntnis werden
95 1113 691 1145 die Dualisten schwerlich erschüttern können. Seine Bedeutung ist
