721 1298
372 108 424 143 20
106 153 688 185 musikalisch verstanden werden kann, und ebenso in seiner Ge¬
106 181 687 203 schichte der Musiktheorie S. 472 bemerkt, dass die Versuche
102 201 686 226 Tartinis, die natürliche Septime als selbständiges Element in die
101 221 691 251 Musik einzuführen, höchst beachtenswert seien, da die Möglichkeit,
99 245 683 271 die natürliche Septime als solche zu verstehen, keineswegs
106 265 691 290 von der Hand zu weisen sei. Riemann führt selbst als Gewährs¬
98 288 683 316 männer Helmholtz (Tonempfindungen 4. Aufl. S. 555), Chladni
99 310 682 332 (Akustik S. 28) Marpurg (Versuch über die musikalische Temperatur
99 330 685 356 S. 52 ff.) und Kirnberger an. Auf der gleichen Seite seiner Problem¬
99 352 691 377 schrift erklärt Riemann dagegen das b in c e g b als „tatsächlichen
99 373 691 396 9. Unterton von c oder einfacher als 3. von f, dem eigentlichen
96 395 685 420 Zentraltone”, und entsprechend heisst es S. 65 seiner Harmonie¬
98 417 691 442 lehre vom Akkorde g h d f: „Im Sinne der 3 Hauptklänge der Ton¬
99 437 684 464 art aufgefasst, ist er der Zusammenklang des schlichten Quint¬
106 460 580 490 langes (d. i. der Dominante) mit der Gegenquint (f):
145 491 683 528 $$GRAPHIC.” Der Nonenakkord g h d f a
99 524 691 550 soll nach Riemann (Harmonielehre S. 78) „Zusammenklang des Dur¬
101 548 693 578 septimenakkords $$GRAPHIC und des Mollseptimenakkordes $$GRAPHIC” sein.
144 581 686 612 Wer wird diese gezwungenen Deutungen ohne Staunen hin¬
101 606 692 634 nehmen? Ich frage: Wenn Septime und None des Durklanges
98 630 684 654 als direkte Bezugstöne der Dominante gehört werden (was un¬
99 649 685 675 bestreitbar ist), wie könnte das der Fall sein, wenn Septime und
100 671 691 693 None bloss anderweit hergeholte Zusatztöne sind, die mit der
101 693 688 715 Dominante in gar keinem organischen Zusammenhang stehen?
101 714 691 738 Ganz gewiss ist nicht g h d | f, sondern G h d f (ohne Trennungs¬
100 737 684 761 strich!) die richtige Schreibweise für den Dominantseptimenakkord.
106 758 684 779 Die Annahme von Hauptmann und von v. Oettingen, das f sei
107 776 685 802 Frundton, ist nur im Nonenakkorde gerechtfertigt, falls f Bass¬
105 798 688 832 ton ist und die Analyse G h d F (♭) a (c) nahegelegt wird (Fig. 22).
152 825 690 850 Nicht weniger verkehrt ist es, wenn Riemann mit Rameau
106 848 692 875 und Hauptmann einen Durklang mit hinzugefügter Sexte
105 870 688 895 (sixte ajoutée) in der Weise konstruiert, dass diese Sexte be¬
105 892 689 917 ziehungsloser Zusatzton zum Dreiklange, also gewissermassen
109 913 686 938 angeklebt sein soll. Rameau und Hauptmann haben richtig er¬
100 934 692 958 kannt, dass in f a c d in C dur beide Dominanten gleichzeitig
104 958 691 981 vertreten sind. Nun wohl, so ist also der vollständige Akkord
106 976 693 1003 der Doppelklang (G h) d F a c, in welchem nicht nur der Ton d,
110 1002 695 1029 sondern auch der Teilklang d f a die Dominante vertritt, vgl. Fig. 23!
102 1020 685 1043 Folglich ist auch der Rameausche Sextakkord auf den Terzen¬
102 1042 688 1066 bau der Naturklänge zurückzuführen (!). Dass auch Riemann die
102 1066 686 1090 wahre Natur des d ahnt, erhellt aus seiner Äusserung in der kurz¬
102 1090 693 1112 gefassten Harmonielehre (X): „Durch Anticipation der Quint der
103 1107 685 1135 Oberdominante zur Unterdominante entsteht in C dur der
