721 1298
295 124 339 158 47
69 161 607 196 Es ist daher ein nicht genug anzuerkennendes Verdienst Rie¬
26 187 617 219 manns, dass er den Mut hatte, die zwar ehrwürdige, aber längst
27 217 609 238 erschütterte alte Lehrmethode mit den Waffen wissenschaftlicher
28 236 613 262 Aufklärung energisch zu bekämpfen. Leider scheitert die Ein¬
26 253 613 282 führung der Riemannschen Neuerungen an der unglückseligen, im
28 278 607 301 Anschluss an Hauptmann, v. Oettingen u. a. von ihm weiter ent¬
28 299 617 324 wickelten, dualistischen Molltheorie, welche akustisch und
32 320 607 346 praktisch ganz unhaltbar ist und seinem System eine unnötige
24 343 608 368 Kompliziertheit verleiht. Gegen diese Molltheorie mit allem Nach¬
23 364 606 387 druck aufzutreten, liegt um so mehr im Interesse der Wissen¬
27 387 608 414 schaft und Kunst, als jene mit einem gefährlichen, blendenden
29 407 610 433 Schein umgeben ist, der nur zu leicht über ihre innere Hohlheit
26 429 614 454 hinwegtäuscht. Nachdem bereits C. Stumpf in dem Aufsatz „Kon¬
26 452 608 476 sonanz und Dissonanz” (Beiträge zur Akustik und Musikwissen¬
26 471 607 495 schaft, 1898 1. Heft, Leipzig, Barth.) vom akustisch-psychologischem
24 494 613 516 Standpunkt die Blössen des Dualismus überzeugend nachgewiesen
28 515 613 540 hat, habe ich es mir im folgenden hauptsächlich angelegen sein
28 537 613 564 lassen, die Riemannsche Molltheorie praktisch zu widerlegen und
27 558 615 582 zwar durch seine eigene Schriften, in der Erkenntnis, dass die
21 580 613 606 Bekämpfung einer Theorie durch sie selbst die beste Methode ist,
29 601 607 624 den Leser zu überzeugen. Die dieser Abhandlung zu Grunde
23 622 607 645 liegenden Riemannschen Schriften sind: 1. „Neue Schule der Melodik”
29 644 619 672 (s. o., zit. mit „Mel.”), 2. „Handbuch der Harmonielehre” (Leipzig
33 667 611 690 1887, Breitkopf und Härtel, zit. mit „H.”), 3. „Kurzgefasste Harmonie¬
23 687 613 715 lehre” (im Musik-Taschenbuch, erschienen bei Steingräber, Leipzig,
23 708 613 738 zit. mit „Kg. H.”), 4. „Systematische Modulationslehre” (Hamburg
23 731 354 765 1887, J. F. Richter, zit. mit „Mod.”).
301 785 344 814 § 1.
97 817 546 850 Die Grundzüge des Riemannschen Mollsystems.
63 853 615 883 Nach R. gibt es zwei verschiedene Arten von Klängen, „Ober¬
28 878 619 902 klänge” und „Unterklänge”. Die Oberklänge sind direkt von der
21 897 617 922 Natur gegeben, durch das akustische Phänomen der Obertöne (Teil¬
24 920 615 944 töne). Die Nachbildung des Oberklanges durch wirkliche Hervor¬
29 941 619 966 bringung der ersten Teiltöne heisst in der Musikpraxis „Durakkord”
26 972 512 1020 $$GRAPHIC = C-Oberklang, C durklang, abgek. durch c +).
67 1028 615 1058 „Der Unterklang hat sein Vorbild nicht so direkt in der
23 1049 623 1079 Natur, wenn auch eine Reihe physikalischer Beobachtungen auf
28 1077 619 1102 seine zwar minder hervorstechende, aber ebenso bedeutsame Existenz
31 1098 623 1121 in der Natur hinweisen. Der Unterklang ist nämlich gerade das
27 1119 623 1151 Gegenteil des Oberklanges. Versucht man aus der Höhe nach der
