721 1298
375 356 408 388 II.
91 401 680 441 Die Unmöglichkeit und Überflüssigkeit der
124 444 653 480 dualistischen Molltheorie Riemanns.
345 486 441 525 Einleitung.
140 527 679 562 „Die fortschreitende Erkenntnis des Wesens der Harmonie be¬
101 553 684 578 dingt eine vollständige Umgestaltung der musikalischen Satzlehre.
105 576 682 599 Wenn nicht Männer wie Hauptmann und Helmholtz umsonst über
103 596 689 624 die Urgesetze der Verbindung der Töne nachgedacht haben sollen,
104 620 685 642 wenn nicht fortdauernd eine mit der musikalischen Praxis immer
98 640 684 664 mehr ausser Zusammenhang kommende spekulative Theorie der
103 662 682 688 Musik sich als etwas der gelehrten Wissenschaft Angehöriges
105 684 682 709 separat entwickeln soll, muss das alte Handwerkszeug beiseite
101 707 683 736 gelegt werden und ein neues, in frischem Feuer geschmiedetes an
96 725 261 758 seine Stelle treten.
152 749 691 776 Vor allem muss die alte Generalbassbezifferung auf¬
100 770 684 796 gegeben werden, welche mit ihrer Konstruktion aller Akkorde über
105 791 686 818 dem jeweiligen Basstone der Entwicklung wahren harmonischen
106 813 679 836 Verständnisses hinderlich sein muss. Rameaus fingierter „Fun¬
98 835 680 858 damentalbass”, sowie seine Nachahmungen bis auf die „Fundamente”
99 856 682 880 in Mayrbergers „Lehrbuch der musikalischen Harmonik”, wie Gott¬
100 878 687 904 fried Webers Buchstaben-Akkordschrift mit ihren Vervollkomm¬
100 903 689 928 nungen bis in E. F. Richters „Harmonielehre” sind lediglich Ver¬
102 921 689 948 suche, trotz dem Generalbass die theoretischen Erörterungen zu
103 944 691 969 vertiefen und das Wesen der Harmonie zu ergründen. (Riemann,
108 964 628 992 „Neue Schule der Melodik”, Hamburg, J. F. Richter 1883.)
150 983 685 1009 Es ist keine Frage, dass eine von der Akustik als musikalischem
101 1004 691 1034 Naturgesetz ausgehende, zugleich mit der Tonpsychologie und Praxis
110 1029 685 1053 sich in Einklang setzende, wissenschaftliche Reform der
100 1051 687 1073 Harmonie- und Melodielehre nachgerade dringend notwendig ist,
112 1074 691 1100 angesichts der zahlreichen empirischen, daher kasuistischen und
106 1094 697 1126 willkürlichen Systeme, denen die Erscheinungen der neueren Kunst
111 1115 440 1146 auf Schritt und Tritt Hohn sprechen.
