721 1298
319 123 340 160 43
33 157 627 199 um so grösser, als nunmehr die physikalisch-physiologische Akustik
33 191 620 214 sich mit der Tonpsychologie und Ästhetik zu einer wirklich musi¬
36 212 621 243 kalischen Akustik vereinigt, was für die Praxis von den wichtigsten
33 233 198 267 Folgen sein muss.
73 293 620 320 Als handgreifliche Beweise der real existierenden Obertöne führt
32 317 621 345 Riemann (Problemschrift S. 67) erstens die „hässlichen Wirkungen
33 340 624 363 sog. falscher Parallelen” und zweitens die „Behandlung des dritten
39 362 620 386 Tones der Unterreihe als Grundton” an. Über das Zugeständnis
36 384 625 409 des Grundtons im Mollklange seitens der Dualisten habe ich be¬
33 405 625 430 reits gesprochen. Hier handelt es sich nur um die Oktaven- und
38 427 622 455 Quintenparallelen, um die Angriffe Riemanns gegen mich richtig
29 451 624 476 zu stellen. Riemann sagt nämlich: „Was die falschen Oktaven und
35 469 623 493 Quinten anbetrifft, so dürften sich wohl nicht allzuviele Musiker
35 492 620 520 dem radikalen Reformator Herrn Capellen anschliessen, der das
40 514 620 539 Quinten- und Oktavenverbot für einen lächerlichen alten Zopf hält
36 540 624 564 („Die Freiheit oder Unfreiheit der Töne und Intervalle” S. 25).
33 556 619 579 Ich halte es nicht für erforderlich, seine Ausführungen hier wieder¬
37 579 623 606 zugeben und ihnen entgegenzutreten; mag er dieselben, so gut er
34 599 625 621 kann, gegen andere verteidigen. Inbezug auf reine Quinten- und
35 621 620 646 Oktavenfolgen zwischen realen Stimmen bin ich Rigorist und
38 643 625 668 scheue dieselben sogar in Gegenbewegung. Hier sei nur bemerkt,
29 664 623 687 dass das Oktaven- und Quintenverbot in der realen Existenz der
39 686 624 708 Obertöne seinen Grund hat, weil nämlich 2 Stimmen, die sich
41 707 621 732 (stufenweise) in solchen Intervallen bewegen, Gefahr laufen, für
34 729 621 757 eine gehalten zu werden, sofern die Töne der höheren Stimmen
39 752 620 778 mit Obertönen derjenigen der tieferen zusammenfallen und als
30 772 627 800 solche gehört werden können. Gegen blosse Mixturquinten oder
40 793 624 819 Verstärkungsoktaven hat wohl niemand etwas einzuwenden (Capellen
36 816 625 840 verteidigt aber gerade die Quinten, bei denen solche Deutung aus¬
30 837 620 861 geschlossen ist); diese Partien seiner Schrift sind nach meinem
36 858 616 886 Urteil direkt kunstwidrig und mit schärfstem Protest zurück
38 880 113 907 zuweisen.”
75 897 618 926 Wenn Riemann meine Schrift genauer gelesen hätte, so würde
30 922 620 946 er dieser kurzangebundenen Geringschätzung vermutlich nicht freien
37 947 621 971 Lauf gelassen haben. Ich habe in Teil II § 4 die Ansichten von
42 967 620 992 Gottfried Weber, Helmholtz, Hauptmann, E. F. Richter, Grädener,
41 989 625 1016 H. Riemann, Ziehn und Polak zusammengestellt, habe in streng
38 1010 620 1035 logischer und ausführlicher Weise nachgewiesen, dass das Oktaven¬
32 1034 619 1058 und Quintenparallelenverbot naturgemäss nicht zu begründen
38 1054 625 1081 (auch nicht nach der von mir zitierten Riemannschen Auffassung),
32 1075 624 1097 dass das dem Oktavenverbote zu Grunde gelegte Dogma der
34 1097 618 1124 stimmlichen Selbständigkeit nur ein künstliches, konven¬
33 1118 625 1146 tionelles Prinzip ist, geheiligt durch die Gewohnheit von
