721 1298
386 110 430 146 58
104 161 692 199 III. Erweiterung der normalen Kadenzen durch die
295 191 517 228 Terzwechselklänge.
153 220 694 252 R. neigt dazu, die Terzwechselklänge (d. h. die leitereignen
114 249 696 274 Mollakkorde II III VI in C dur und die Durklänge c+, f+, g+ in
118 269 699 295 A moll) als Ableitungen der drei Hauptklänge (als „Schein¬
106 291 690 317 konsonanzen”) anzusehen (vgl. Kg. H. S. 199, 214). Die Be¬
114 310 691 336 gründung finden wir Mel. S. 159: „Es ist wohl zu beachten, das
115 333 696 358 den Nebenklängen der Tonart wie den Nebentonarten der Haupt¬
115 356 698 382 tonart etwas anhaftet, was die Einheitlichkeit ihres Begriffes stört,
109 374 691 401 etwas dissonanzartiges, zur Fortsetzung, zur Rückkehr zum Haupt¬
114 398 694 427 klange, zur Haupttonart drängendes, nämlich die überall mit ein¬
112 422 603 451 gehende Vorstellung der Tonika resp. der Haupttonart.”
152 435 697 476 Sehen wir nun, wie R. die Terzwechselklänge in Dur und
112 455 251 490 Moll behandelt:
154 475 693 508 Mod. S. 21: „Der Terzwechselklang der Tonika (a c e in C dur)
106 501 701 530 ist eine nach der Tonika im Übergange zur Unterdominante sich
111 528 700 553 ungezwungen einfügende Zwischenharmonie. Sein Sinn ist in
114 548 694 573 beiden Fällen nicht 0e, sondern c6. Der Dreiklang e g h in C dur
106 571 697 597 ist in zweierlei Sinn möglich, einmal als eine dem Quartsextakkord
106 591 698 615 ähnliche Form der Oberdominante, bei der die Sexte eigentlich ein
119 612 697 639 Vorhalt vor der Quint ist, aber meist sich nicht in diese auflöst,
106 635 693 658 sondern beim Schluss in die Tonika sprungweise nach c fort¬
114 657 701 681 schreitet (g g h e — c e g c). Sehr häufig hat er dagegen den
112 678 696 704 Sinn der Tonika mit grosser Septe und seine Stellung in der
109 696 596 735 Kadenz ist dann zwischen Tonika und Unterdominante.
154 866 696 901 „Es ist gewiss ein Beweis für die Auffassung der Terzwechsel¬
112 894 702 917 klänge (bei *) im Dursinne, dass wir, trotzdem ihrer drei einander
119 916 703 945 folgen (noch dazu als wirkliche Mollakkorde behandelt), dennoch
111 938 560 966 keine Gefährdung der Tonalität des c+ verspüren.”
158 956 697 986 Ohne hier weiter zu untersuchen, ob nicht die Bassführung
115 980 701 1008 und Verdoppelung der „Scheingrundtöne” der R.schen Auffassung
119 1000 700 1027 widerspricht, ob letztere sich überhaupt mit der Akustik und
116 1027 700 1058 natürlichen Klangempfindung verträgt, gehen wir sofort zu den
118 1045 412 1074 Terzwechselklängen in Moll über.
154 1067 698 1095 Mod. 30: „Von der Entwicklung einer analogen kompletten
109 1085 697 1115 Mollkadenz sehen wir ab, da uns elliptische Gestalten selbst der
115 1110 704 1142 reinen Mollkadenz ungeläufig sind. Auch will das Tonalitätsgefühl
