721 1298
293 103 328 144 63
11 145 609 188 Auch hier stellt R. dem reinen Dur die Umdeutung von Moll nach
14 175 441 203 Dur (Durmoll) gegenüber mit 0e aVll h7 0h (e+).
62 189 610 224 Überall ein testimonium paupertatis für die Untertontheorie!
27 244 589 290 II. Tonarten des zweiten Themas in Mollsonaten.
211 284 411 321 1. Normale Tonarten.
52 309 607 353 Mod. S. 138: „Zur Gegenüberstellung als Tonart des 2. Themas
17 341 607 381 sind ganz besonders (nach der Praxis der Klassiker und dem Ge¬
11 369 258 392 fühl der Musiker) geeignet:
51 389 516 417 a) die Tonart der Parallele (Terzwechseltonart, c+),
52 409 599 436 b) die Tonart der Molloberdominante (Gegenquinttonart, 0h),
59 434 598 459 c) die Tonart der Duroberdominante (Seitenwechseltonart, e+),
57 454 599 481 d) die Tonart der Parallele der Unterdominante (Leitton¬
10 472 186 507 wechseltonart, f+).”
203 517 405 553 2. Seltenere Tonarten.
50 549 600 577 R., der mit Recht neben der Quintverwandtschaft auch eine
16 576 597 602 Terzverwandtschaft anerkannt wissen will (vgl. H. 111, Mel. 167)
16 598 605 620 sagt Mod. 144 Nr. 7 von der Tonart des Gegenterzklanges as in
18 619 601 642 C dur, dass sie, für lied- und tanzartige Sätze durch Schubert und
15 641 596 666 Schumann eingebürgert, auch für den Dursonatensatz keineswegs
9 662 550 690 auszuschliessen, vielmehr von äusserst kräftiger Wirkung sei.
52 681 604 707 Dagegen heisst es von der entsprechenden Tonart Cis moll in
17 706 596 728 A moll, Mod. S. 147 Nr. 9: „Die Tonart des Gegenterzklanges
16 728 602 752 (Terzwechsel der Duroberdominante, 0gis) sei ohne Empfehlung er¬
11 749 603 777 wähnt. Unser Verständnis für Mollschritte ist zu unentwickelt (!),
16 770 595 792 solche Tonalitätsschritte sofort zu verstehen, was doch die Vor¬
13 791 596 819 bedingung für eine glückliche Einführung ist” (vgl. auch S. 72 F
15 812 137 842 und Mel. 23).
86 830 594 859 — Vor allem ist noch eins zu erwähnen: In Dursonaten be¬
17 856 602 879 deutet die Tonart der Dominante, in welcher gewöhnlich das zweite
13 875 601 902 Thema steht, eine natürliche Steigerung gegenüber der Haupt¬
14 901 596 922 tonart. Konsequent sollte dies auch in Moll mit der Tonart der
8 920 595 950 Unterdominante (als Oberdominante der Mollperspektive) der Fall
11 942 599 971 sein. Dennoch wird man wohl kaum in einer A mollsonate das
10 968 601 991 zweite Thema in D moll finden, wie ja auch R. die Unterdominant¬
19 986 596 1009 tonart nicht oben unter 1. aufführt.*) Wie erklärt nun R. diesen
10 1006 600 1031 Widerspruch? Durch das melodische Prinzip! „Die elementare
10 1028 594 1063 Wirkung des Melodischen gegenüber dem Harmonischen macht
57 1077 600 1106 *) Auch für die Fuge erkennt Riemann das Prinzip der Ober¬
22 1095 602 1129 quintbeantwortung unbedingt an (Grosse Kompositionslehre II S. 153).
