721 1298
294 105 326 145 51
21 146 607 180 dieselbe Rolle spielen wie in Dur? Wo die von R. verteidigte
16 177 609 206 Selbständigkeit des Mollklanges, wenn dieser mit den seine Existenz
15 196 603 226 begründenden Untertönen so wenig anzufangen weiss, dass er sogar
16 219 602 244 zu den Obertönen, also zum Grundbassprinzip, seine Zuflucht
22 241 605 264 nehmen muss? Mit welchem Recht darf die Mollprim noch auf
21 264 603 286 den Namen „Hauptton” Anspruch machen, wenn sie der am ehesten
14 284 605 305 entbehrliche Ton ist? Mir kommt diese Behandlung des Moll¬
17 304 608 331 klanges geradeso vor, wie wenn jemand einen Gegenstand, den er
22 327 599 352 an einem Haken sicher aufgehängt hat, noch obendrein durch eine
22 348 602 372 Unterlage stützt. Würde in diesem Fall nicht jeder annehmen,
15 371 602 394 der betr. Gegenstand ruhe allein auf der Unterlage, würde auch
16 391 601 415 nur einer auf den Gedanken kommen, dass jener zugleich am
22 413 602 439 Haken hinge? In der Modulationslehre S. 139 erklärt R., dass
14 433 602 457 die nicht wegzuleugnende hochwichtige Rolle des Grundtons nur
17 456 602 481 für Dur im Klangprinzip selbst ihre Erklärung finde, für Moll
10 478 601 501 dagegen einen Rekurs auf die verschiedene Wirkung des Hoch
10 499 600 522 und Tief d. h. aufs melodische Prinzip bedinge (das Tiefe er¬
17 520 607 546 scheine eben als Grund, als Boden, Stütze auch für den sich nach
16 541 603 569 der Tiefe entwickelnden Mollakkord). Das ist eine ebenso gesuchte,
19 565 602 587 wie unzutreffende Verteidigung; denn weshalb soll die Mollprim
10 586 605 611 vermöge des Klangprinzips der Untertöne nicht ebensogut die
13 607 601 631 Rolle des Grundtons (des Hakens in obigem Vergleich) spielen
9 628 600 652 können wie die Durprim (als Unterlage)? Zudem sagt R. in der
17 650 609 675 Einleitung zur Mel. „Eine von der Harmonik unabhängige Melodik
17 670 600 697 gibt es überhaupt nicht”. Man kommt wirklich nicht darüber
12 693 607 717 weg, dass die Übernahme der Grundtonrolle durch die
15 714 609 741 Mollquint eine Verzichtleistung auf die Untertontheorie,
16 736 606 761 eine Rückkehr zum Klangprinzip des Grundbasses be¬
16 758 607 783 deutet. Damit ordnet sich auch Moll dem musikalischen Gesetze
20 778 602 806 der Schwere, wonach das Ohr alle Klänge von unten nach oben,
19 798 601 834 den Mollklang daher als solchen und nicht als Kontradurklang
11 824 107 854 hört, unter.
53 833 606 870 Die Assimilierung des Mollklanges an den Durklang zieht im
9 863 549 889 R.schen System weitere Inkonsequenzen nach sich, nämlich:
52 884 601 909 1. Die zufälligen Erhöhungen und Erniedrigungen der Ober-
16 910 607 931 and Untertöne werden von R. allemal von der Grundtonperspektive
16 933 607 956 aus bezeichnet, während im streng dualistischen Sinne einer Er¬
11 952 605 985 höhung und Erniedrigung in Dur auch in Moll eine Erhöhung
10 975 353 997 bez. Erniedrigung entsprechen müsste.
57 990 594 1023 2. Die Bedeutung der 3 Hauptklänge in Moll wird dadurch
19 1017 598 1042 verschoben, dass R. den im Grundbasssinne rechts von der Tonika
10 1040 601 1063 stehenden Klang als Molloberdominante, den links stehenden mit
12 1059 604 1085 Unterdominante bezeichnet, während „rechts” und „links” doch
15 1083 605 1109 von der gegensätzlichen Perspektive aus verstanden werden sollte.
57 1104 602 1137 3. Der sog. neapolitanische Sextakkord in Moll (d f b) wird
