721 1298
305 109 339 145 53
25 153 615 187 ein so leicht verständlicher Schritt, dass er auch bei Veränderung
14 177 452 206 nur eines Tones sofort verstanden werden kann”.
61 196 605 225 Mel. S. 95: „Der Quintwechsel der Harmonie wird immer
26 220 612 245 gern nur als chromatische Veränderung, d. h. als nicht
27 242 613 267 eigentlich harmonische, sondern melodische Bildung verstanden;
24 264 613 290 wenn auch jede melodische Bildung harmonisch verständlich sein
18 285 608 311 muss(!), so erscheinen doch solche sog. melodischen Bildungen
18 306 613 330 harmonisch als sekundäre, als Beiwerk, das allenfalls auch fehlen
18 329 85 358 könnte.”
70 334 606 378 Mod. S. 87: „Im Übergange von der (Dur) Tonika zum Seiten¬
26 373 612 401 wechselklang ist der Quintwechselklang der Tonika zunächst zu
26 389 613 416 definieren als Tonika mit erniedrigter Terz, welche
26 413 608 441 eine Leittonfortschreitung zur Unterseptime des Seitenwechselklanges
20 436 146 466 ergibt, es—d.”
63 452 606 483 Mod. 145: „Wenn auch der Sinn des Quintintervalls c:g in
24 479 616 506 c+ und 0g ein völlig gegensätzlicher ist, so hat die Praxis doch
22 501 615 525 dahin entschieden, dass der Musiker C Moll nur als eine Umfärbung
22 522 613 546 (chromatische Veränderung) von C dur hört, so dass der ästhetische
23 543 611 568 Wert nur ein Verschleiern der Haupttonart ist. Ob diese Auf¬
27 563 613 591 fassungsweise absolut geboten ist, mag dahingestellt bleiben; sie
26 585 613 613 wird unterstützt durch das, was wir oben über die Bedeutung
27 610 608 635 des Grundtons gesagt haben (S. 139, s. o. § 3), d. h., wenn auch
27 629 614 652 harmonisch der Kontrast von 0g und c+ grösser ist als der von
24 651 613 677 0e und c+, so ist doch melodisch (in dem oben präzisierten Sinne)
27 673 613 698 der von 0e und c+ grösser als der von 0g und c+, insofern
22 691 296 722 c+ und 0g in c fundiert sind.”
65 713 608 746 Mod. S. 147 Nr. 10: „Tonarten, die im Verhältnis des Quint¬
22 740 548 764 wechsels stehen, gelten als Tonarten desselben Grundtones.”
73 757 610 787 Hierauf ist zunächst zu erwidern, dass jeder Durklang (also
29 781 611 803 auch d fis a in A moll) stets primär als Oberklang (im Grundbass¬
25 802 611 834 sinne), niemals sekundär als alterierter Unterklang (Mollklang) ver¬
26 822 613 853 standen wird. Wohl kann ein Mollklang aus einem Durklang
26 844 619 869 hervorgehen, aber niemals ein Durklang aus einem Mollklang, da
27 868 608 891 die Obertöne direkt von der Natur gegeben, die Untertöne dagegen
28 889 615 911 rein hypothetisch sind. Im übrigen, was bedeuten die zitierten
27 909 615 935 Äusserungen R.s anderes, als notgedrungene Zugeständnisse zu
29 932 614 954 Gunsten des Obertonprinzips? Es steht wahrlich schlecht um
27 954 609 980 die Selbständigkeit des reinen Moll, wenn nicht einmal
28 973 613 1000 die Terz als wesentlichster Unterton unangefochten be¬
28 999 619 1020 stehen kann. Eine nach dem vorigen naheliegende Konsequenz
27 1019 614 1042 hat R. nicht gezogen. Da nämlich das Ohr gewohnt ist in Dur
26 1040 608 1062 als Unterdominante den Durklang zu hören und nicht den Moll¬
28 1061 610 1087 klang (dass letzterer seltener, gesteht R. z. B. Mel. S. 10 selbst
21 1086 613 1111 zu), so wird in C dur f as c viel eher als Stellvertreter des
32 1104 616 1137 Hauptklanges f a c, also als dissonant aufgefasst, denn als reiner
