721 1298
312 123 360 158 9
74 164 632 209 4. Alle Akkorde sind demgemäss auf terzweisen Bau
32 188 169 225 zurückzuführen.
77 207 622 241 5. Wie die Klänge übereinander als Doppelklänge, so schliessen
37 236 621 260 sie sich nebeneinander nach demselben akustischen Prinzip zur
30 259 627 286 engeren und erweiterten Tonart („Tonität” bezw. „Tonalität”) zu¬
37 279 621 311 sammen. Typen der Doppelklänge, also des Übereinander, sind
34 304 627 337 $$GRAPHIC. Typus der den Natur¬
35 331 627 364 klängen allein entsprechenden Durtonität, des Nebeneinander,
39 361 626 387 ist die geschlossene Reihe: $$GRAPHIC, die auch so notiert
31 396 622 449 werden kann: $$GRAPHIC. M = „Mittelklang” (alias Drei¬
26 449 623 492 klang der Tonika oder tonischer Dreiklang), R = „Rechtsklang”
30 486 621 510 (Dreiklang der Dominante), L = „Linksklang” (Dreiklang der Sub¬
31 508 630 531 dominante). L, M, R bilden den Bereich der engeren Tonart
34 526 621 554 („Tonität”), die erweiterte Tonart („Tonalität”) ist in Teil I als
40 553 623 583 „Klangzickzack” S. 49, 50 dargestellt (abgedruckt auch in meiner
34 572 350 595 Monographie gegen Riemann § 11).
80 590 627 619 6. Alle Töne und Intervalle sind Klangvertreter — eine
30 611 627 640 äusserst wichtige, von H. Riemann angebahnte Lehre. Die har¬
33 639 625 668 monische Reihe $$GRAPHIC ist zugleich die Darstellung der
35 659 627 691 C durtonleiter gemäss der Klangvertretung der Töne. Um die Ton¬
32 688 622 714 leiter zu erhalten, braucht man nur immer dem Buchstaben links
37 710 622 739 vom vertikalen Teilstrich den entsprechenden rechts folgen zu lassen.
83 732 623 757 7. Der Mollklang, z. B. a c e (kurz notiert A0, während ein
35 747 622 778 alleinstehendes A den Durklang anzeigt) ist je nach dem tonalen
36 775 626 800 Zusammenhange zu erklären als A ♮cis e, also als alterierter
38 797 620 822 („getrübter”) Durdreiklang mit dem Grundton a, oder aber als
39 819 622 855 $$GRAPHIC, also als Doppelklang mit den Grundtönen a („Basis“)
36 848 622 881 und e (durch diese Grundtonqualität gewinnt das c das Ubergewicht
31 877 629 903 über die schwächere Basisterz cis). Weiter kann der Molldreiklang
35 900 627 931 a c e auch verstanden werden als $$GRAPHIC, also als Doppelklang
36 925 630 954 mit den Grundtönen f und c, oder endlich als (D fis) a c e, also
31 951 627 980 als einfacher Klang mit dem Grundton d als Fundament des
29 971 192 1003 Nonenakkords D9.
74 987 619 1022 8. Dieser akustischen Duranalyse des Mollklanges ent¬
38 1015 630 1043 sprechend muss die harmonische Reihe der A molltonart eine
41 1037 347 1068 wie folgt erweiterte (tonale) sein:
