721 1298
380 122 423 162 38
105 163 695 199 dieses „chromatischen Nonenmoll” findet der Leser mehr in Teil I
101 191 686 219 S. 127—131 und in Teil II S. 57, 60. Dass diese Mollauffassung
103 214 695 238 nur durch den tonalen Zusammenhang nahegelegt wird, ohne diesen
106 236 695 258 aber gegen A C e (g) zurücktritt, beruht auf der Quintnatur des
105 257 691 283 a in D9, während A C e (g) das a als Grundton (Fundament) ent¬
100 277 685 305 hält. Dasselbe ist von der Form (F) a C e (g) wegen der Terz¬
101 299 688 323 natur des a zu sagen; dieser Doppelklang ist wegen der grossen
102 321 697 343 Septime f—e dissonant, so dass auch dem Molldreiklang in dieser
105 342 685 365 Form etwas Dissonantes anhaftet. Dissonant ist auch der Moll¬
102 364 686 386 klang als „getrübter” Durdreiklang = A ♮cis e, wegen des durch
105 385 686 408 die Terzenkollision entstehenden dissonanten Intervalles c—cis. Mit
101 406 686 429 Recht wendet sich hier Riemann gegen Helmholtz, der durch die
105 429 686 454 Erniedrigung der Terz um $$MATH Ton die Konsonanz des Durakkordes
110 449 688 478 nur getrübt, aber nicht aufgehoben wissen will (Problemschrift S. 5).
102 472 687 498 Der grosse Fortschritt gegen den „Monisten” Helmholtz ist, dass
109 493 693 515 ich nicht wie dieser den Mollakkord c es g entweder als einen
105 515 691 538 C-Klang betrachte, dem der fremde Ton es hinzugefügt ist, oder
102 536 697 564 als einen Es-Klang mit dem fremden Tone c, sondern dass ich
103 555 691 580 den Mollklang durch das friedliche Zusammenwirken der
103 579 690 602 beiden Grundtöne (zufolge der innigen Verschmelzung ihrer
106 601 633 625 Akkorde) erkläre und so zugleich die Konsonanz begründe.
148 618 695 649 Im Laufe der Zeit hat sich ein merkwürdiger Umschwung
108 644 688 666 in der Auffassung des Molldreiklanges vollzogen. Noch bei Bach
102 665 692 690 finden wir Mollstücke häufig mit dem Durklange der Tonika
105 684 688 709 schliessen, vor ihm geschah dieses sogar durchweg, ein Beweis,
102 709 687 734 dass in dem üblichen authentischen Schlusse (mit Durdominante)
104 730 689 753 der Mollklang als alteriert, mithin als dissonant gehört wurde.
109 752 694 774 Dieses instinktive Ablehnen des schliessenden Mollklanges stellt
105 773 692 799 der Feinfühligkeit unserer Vorfahren das beste Zeugnis aus und
102 794 695 818 war wohl berechtigt; denn die Durdominante in Moll wies von
101 817 691 840 selbst die Aufmerksamkeit auf die Wurzeltonart Basisdur und die
110 837 693 861 Schwebungen der Durterz gegen die Mollterz hin. Später jedoch
107 859 692 882 hat sich immer mehr die Auffassung des Molldreiklanges als
103 878 691 906 Doppelklanges vom Typus A C e (g) befestigt, indem durch die
108 900 688 930 unbewusste Erhebung des c zum Grundton ein Gegengewicht gegen
100 924 689 945 die Vorherrschaft der Basis geschaffen wurde, so dass die Schwebungen
103 947 692 971 ohne besonders darauf gerichtete Aufmerksamkeit und Übung nicht
105 969 695 993 mehr gehört werden. Wir haben also allen Grund zu glauben,
103 989 695 1011 dass wir heute im Zweifel den Mollklang in dieser Form
102 1008 685 1034 (A C e (g)), die der beste Ausdruck seiner Konsonanz ist und ihn
102 1031 697 1057 den tiefsten Ton als Grundton lässt, vernehmen, sogar in dem
105 1054 692 1082 gebräuchlichen authentischen Schlusse. Der wahre Effekt des Moll¬
106 1078 596 1105 klanges, krass dargestellt, ist also so wie in Fig. 44 (!).
153 1098 691 1122 Damit haben wir alles Rüstzeug für die Erklärung des ästhe¬
106 1117 696 1146 tischen Eindrucks des Mollklanges zusammen. Sein mystischer
