721 1298
309 103 340 144 75
26 148 615 185 töne dürfen also mit den Untertönen nicht verwechselt werden
27 173 213 205 wie Verfasser es tut.
72 198 617 221 Jehen wir nunmehr zu den praktischen Konsequenzen
24 213 246 244 der Inversio stricta über!
68 230 608 267 Wenn jeder Satz von vornherein auf die symmetrische Um¬
26 263 608 288 kehrung hin gearbeitet sein muss, so folgt von selbst, dass es
24 285 606 309 reiner Zufall ist, wenn ein ohne diese Tendenz komponiertes Ton¬
28 305 614 330 stück in der Umkehrung gut klingt. Diese Wahrscheinlichkeit ist
22 328 613 352 natürlich am grössten bei kontrapunktischen Sätzen (Fugen, Kanons),
28 350 604 374 weil, wie Verfasser mit Recht S. 111 bemerkt, hier die melodische
23 369 613 395 Selbständigkeit der Stimmen gegen die Harmonie in den Vorder¬
27 395 613 417 grund tritt. Wie schwer im übrigen dem Ohre die Anpassung an
25 414 613 440 die Wirkung der Kopfstellung wird und werden muss, weil es durch¬
26 438 607 462 aus im Grundbasssinne auffasst, beweisen die Choralbearbeitungen
25 457 605 482 des Verfassers S. 79—87. Auch kann ich dem Verfasser beim besten
25 479 610 501 Willen nicht beistimmen, wenn er die phrygische Behandlung des
27 499 615 521 Chorals „O Haupt voll Blut und Wunden” in Bachs Matthäus-
25 521 613 546 Passion als vorzüglich für die symmetrische Umkehrung geeignet
28 543 611 566 und das erste Präludium des wohltemperierten Klavieres in der
25 563 613 588 Umkehrung für erträglich hält. Entschieden zu weit geht Verf.
22 586 615 611 mit der Behauptung S. 110, es sei kein Wunder, wenn demnächst
21 610 609 636 ganze Symphonien in symmetrischer Umkehrung umgearbeitet
27 630 605 654 und gespielt würden, ganz abgesehen davon, dass wir doch wohl
24 647 613 677 noch nicht so gedankenarm sind, um neue Werke durch Um¬
25 671 345 706 schusterung von alten zu erlangen.*)
63 686 613 719 Dagegen ist dem Verfasser zuzugeben, dass die symmetrische
27 706 609 738 Umkehrung zur Gewinnung neuer Melodien, zur Variation
24 741 607 766 und Parodie sehr wohl dienen kann (cf. S. 26—28, 100—126).
23 759 613 782 Durch die Feststellung der Regeln, welche nötig sind, um einen
20 779 613 806 Originalsatz von vornherein für die Kopfstellung geschickt zu
25 800 613 825 machen, hat sich der Verfasser ein Verdienst erworben (S. 55—65).
21 822 609 851 Ob aber diese Regeln ausreichen? Verfasser scheint selbst daran
17 846 608 873 zu zweifeln (S. 78). Drei Absonderlichkeiten sind es vornehmlich,
17 868 607 891 die bei der Kopfstellung auch eines gut gearbeiteten Originals
23 885 584 914 stets auffallen müssen (cf. die Choralbearbeitungen S. 79—87):
64 910 573 938 a) die Behandlung und Häufigkeit des Quartsextakkordes,
64 933 614 957 b) die Verschrobenheit des Modulationsplanes, insofern der
25 945 612 976 Übergang zur Dominante in der Kopfstellung zum Übergang in
22 975 234 1009 die Subdominante wird,
64 1005 604 1038 *) Interessant ist, dass bereits J. J. Rousseau in seinem Dictionaire
22 1036 609 1061 de Musique (1782) das Wesen der symmetrischen Umkehrung richtig
23 1053 607 1075 erkannt hat und von einer von M. de Morambet in diesem Sinne ge¬
22 1071 611 1090 planten Symphonie berichtet mit dem Bemerken: „Une composition
17 1091 599 1116 de cette nature doit être meilleure à présenter aux yeux qu'aux (oreilles.”
22 1106 405 1137 (H. Riemann, Gesch. der Musiktheorie S. 471.)
