721 1298
310 120 351 163 37
27 171 624 199 Intervalle g—a—g und diese erhalten durch den Konsonanzeffekt
39 198 621 221 des Ganzen selbst Konsonanzwert.*) Auch auf die seit Johann
27 217 618 246 Strauss so häufig unaufgelöst bleibende Sexte in Walzern und
38 239 333 262 Gassenhauern ist hier hinzuweisen.
76 254 619 283 Nunmehr ist auch das Rätsel der Mollkonsonanz
28 277 618 308 gelöst. In Fig. 41 haben wir ja den A mollseptimenakkord
28 302 625 330 a c e g und dieser wird als A C e g gehört, also als Doppelklang
37 324 625 346 mit a und c als Grundtönen(!). Dem Durdreiklang steht dieser
28 345 619 369 Akkord der Konsonanzwirkung nach am nächsten, weil das g als
32 367 622 392 Septime noch gut genug mit dem a und als Quinte mit dem
34 388 623 416 C durklange vortrefflich verschmilzt. Auch in Grundstellung
40 410 621 436 darf daher der Mollseptimenakkord Konsonanzwert beanspruchen,
34 437 623 458 wie Fig. 42 bezeugt, die man auch über anderen Grundtönen
31 454 623 479 bilden wolle, um sich über die Allgemeingültigkeit des Phänomens
28 476 178 504 zu vergewissern.
79 493 625 522 Wenn schon der vollständige Mollklang a c e g konsonant
29 518 623 541 sein kann, um wieviel mehr der unvollständige, d. i. der
33 540 623 563 Molldreiklang a c e, in welchem das g nur als Oberton mit¬
38 557 623 585 klingt, freilich als Oberton von nicht geringer Stärke, da er zu¬
33 582 618 609 gleich von beiden Grundtönen C und A ausgelöst wird. In der
34 605 621 633 Art und Weise wie Riemann diesen Oberton im Mollklange ab¬
30 621 624 650 fertigt, besteht zwischen uns ein völliger Gegensatz. Riemann lehnt
30 651 623 676 nämlich die Grundtonqualität des C gerade wegen dieses mit¬
31 669 620 695 klingenden g ab (Problemschrift S. 68). In der Grundstellung
29 696 619 718 a c e soll sich dieses g am wenigsten fühlbar machen. Und doch
38 715 623 742 erkennt auch hier Riemann das c als „Hauptton” an, der die Terz
38 732 623 763 cis von A siegreich überwindet. Wenn man S. 4 daselbst liest,
30 756 619 779 dass, wenn man den tiefsten Ton der Obertonreihe den
33 778 625 802 „Hauptton” nenne, so sei das hinlänglich dadurch motiviert, dass
37 799 621 824 derselbe für gewöhnlich der stärkste sei, — so sieht man, dass
34 821 618 848 auch Riemann das c in a c e als Grundton behandelt. Ist dem
30 843 625 866 aber so, so ist das Intervall c e, wie auch Riemann nicht leugnen
31 864 623 888 kann, Vertreter des Durdreiklanges G e g, der Mollklang also nicht
31 888 623 915 nur in Terzlage, sondern auch in Grundstellung gleich A C e (g).
75 905 622 930 Der Molldreiklang kann noch in einer andern Zusammen¬
28 925 621 951 setzung Konsonanzwert haben, nämlich als einfacher Klang (D fis) a c e.
37 950 611 975 Dieser Durnonenakkord enthält gleichfalls kein einziges „dissonantes”
28 972 619 998 Intervall. Beweis für die Konsonanzkraft auch der None ist Fig. 43 a),
40 992 625 1020 ferner ohne den Grundbass (Kombinationston) das Beispiel bei b),
34 1015 620 1039 entnommen aus meiner „Exotischen Mollmusik” (Breitkopf & Härtel
38 1036 621 1066 905, Heft II). Uber die bis jetzt nicht gewürdigte Berechtigung
74 1061 623 1098 *) Das letzte Beispiel f) in Fig. 41 stammt aus meinen japanischen
34 1093 624 1114 Klavierbearbeitungen „Shogaku shoka” (Breitkopf & Härtel 1904) und
34 1111 619 1130 ist auch in Teil II abgedruckt. Ein eigenartiges Helldunkel breitet
29 1129 589 1154 sich um derartige Schlüsse, die zwischen Dur und Moll schwanken.
