721 1298
322 121 358 162 19
52 166 627 198 welche alle nach dem obigen Kadenzgesetz, also mittels der
40 195 631 218 konstituierenden Akkorde der Dur- und Molltonarten gebildet
45 216 630 244 sind. Wie wenig das bisherige leitereigene Klangsystem, welches
40 243 633 265 auf jeder Stufe der Dur- und Molltonleiter Dreiklänge, Septimen-
48 260 627 282 und Nonenakkorde rein mechanisch, ohne nach der akustischen
46 281 629 307 Bedeutung der Klänge zu fragen, aufbaut, der natürlichen Fort¬
47 308 635 331 schrittstendenz der Akkorde die Wege ebnet, beweisen die ganz
41 324 626 348 und gar nicht naheliegenden Folgen f a c — h d f, h d f — e g h,
47 345 629 371 gis h d f — c e gis, beweist ferner die Hilflosigkeit der Theoretiker
49 368 627 392 dem Akkorde a c e gis gegenüber, dessen natürliche Fortschreitungen
48 389 631 415 in Fig. 19 zum ersten Mal dargelegt sind. Was habe ich davon,
41 405 627 435 wenn mir in den Lehrbüchern, falls diese überhaupt a c e gis einer
47 430 627 456 Besprechung für wert halten, gesagt wird, dieser Akkord sei der
45 453 630 482 grosse Septimenakkord auf der ersten Stufe in A moll? Damit
43 476 633 501 erfahre ich über seine akustische Zusammensetzung und
49 498 631 522 kadenzmässige Fortschrittstendenz nichts. Erst die
44 521 638 545 musikalische Akustik gibt die richtigen Direktiven, indem sie die
42 540 632 567 wahre Natur des Akkordes als (F) a C e ♯g oder (D fis) a C e ♯g
45 562 626 588 oder A ♮cis E gis (h), also als Doppelklanges enthüllt und so seine
40 583 629 607 tonale Verwertung sofort nahelegt. Noch viel weniger weiss die bis¬
38 604 631 632 herige Theorie mit den Nonenakkorden anzufangen, deren mögliche
38 626 625 653 Selbständigkeit durch die neuere Praxis unzweifelhaft bezeugt wird.
40 648 625 670 In Fig. 20 finden wir den Akkord c es ges b d kadenzmässig ent¬
46 668 627 697 wickelt, gemäss seiner akustischen Doppelklanganalysen: B d (F a)
39 689 622 715 c es ♭g oder Es ♭g B d (f as) c oder (As) c es Ges b ♮des. In Fig. 21
41 709 623 739 tritt derselbe Akkord in seinen enharmonischen Gestaltungen =
37 737 621 765 D fis ♯a c ♭e und $$GRAPHIC auf, deren tonale Verwend¬
47 765 622 800 barkeit ebenfalls sofort einleuchten muss. Überall spielen in
37 796 623 818 meinen 3 theoretischen Broschüren die Doppelklänge eine wichtige
35 815 627 838 Rolle und ich sollte wirklich meinen, dass diese von allen ein¬
39 836 629 861 sichtigen Musikern verstanden und gewürdigt werden muss, da
37 860 624 883 hier der „Dualismus” nicht, wie Riemann meint, alle Logik des
41 882 623 907 Klangsystems zerstört, sondern im Gegenteil sie erst hineinbringt.
82 906 631 933 Riemann fasst den Begriff der Klangvertretung entschieden
43 928 629 950 zu eng, wenn er als einzige Akkorde, die durch Töne oder Inter¬
39 951 621 974 valle vertreten werden können, den Dur- und Molldreiklang zulässt.
43 970 630 1000 Das Richtige ist die monistische Auffassung, dass alle Töne im
39 991 621 1019 Sinne des Durdreiklangs, Durseptimen- oder Durnonen¬
41 1015 623 1041 akkordes als der musikalisch in Betracht kommenden Naturklänge
46 1037 627 1058 verstanden werden. Riemann kann sich nicht definitiv dazu ent¬
34 1059 624 1086 schliessen, die kleine Septime f als Bestandteil des G-Klanges zu
35 1081 624 1106 respektieren, obwohl er S. 45 seiner Problemschrift zugibt, dass
34 1101 629 1123 der dem Verhältnis des 7. Tones der Obertonreihe entsprechende
41 1123 631 1153 Ton unter Umständen wirklich als noch zum Klang zugehörig
