721 1298
316 113 345 148 79
40 159 629 189 unterscheidende Merkmal zwischen Phrygisch und Äolisch aus¬
34 182 625 206 löschen, ist daher zu vermeiden. Praktisch gestaltet sich die
33 206 625 232 Sache nunmehr so, dass der im Violinschlüssel auf ein oder zwei
35 225 628 250 Systeme (ohne Rücksicht auf die Oktavlage der Noten) zu schreibende
38 249 630 271 Dursatz ohne Versetzungszeichen, aber mit den stehen bleibenden
38 270 624 297 gleichnamigen Tonartvorzeichen abgelesen wird. Es muss dann
37 295 625 317 allemal ein reines, diatonisches Phrygisch herauskommen, mag der
34 312 583 341 originale Dursatz diatonisch oder chromatisch gehalten sein.*)
81 365 624 387 *) Bei wirklichen Modulationen, d. h. kadenzierend sich fest¬
38 384 625 407 setzenden Tonartänderungen, sind die wesentlichen gleichnamigen Ver¬
37 402 629 423 setzungen auch für „Bassphrygisch” zu beachten. So ganz mechanisch
41 422 629 442 ist also auch dieses, bereits in meiner Musikalischen Akustik S. 139
38 440 347 462 erwähnte, Umwertungsverfahren nicht.
254 694 395 738 Nachtrag.
85 742 627 773 Für interessierte Leser die Nachricht, dass im Anschluss an
40 769 632 793 die Fussnote in Teil II S. 60 (vgl. o. S. 7) der Würdigung der
43 791 619 816 verschiedenen diatonischen, pentatonischen und chromatischen Ton¬
34 813 626 838 leitertypen in der exotischen Musik eine besondere Broschüre:
40 835 625 863 „Ein neuer exotischer Musikstil in Sicht?” von mir
40 860 632 883 gewidmet ist, welche als Sonderabdruck eines Artikels in der
37 879 566 906 „Neuen Musikzeitung” bei C. Grüninger-Stuttgart erscheint.
