721 1298
317 118 351 163 23
35 169 625 197 das grosse c anschlägt. Bei Stumpf (Tonpsychologie II) findet man
40 198 621 223 u. a. folgende Stelle: „Man gebe C auf dem Klavier oder Cello
34 219 621 244 an; fast immer wird man ohne Schwierigkeiten den 7. Teilton (b″)
42 236 625 262 und wahrscheinlich auch den 9. (d″) heraushören.” Selbst Rie¬
40 262 623 290 mann hat das Klavier zu einem Untertonexperiment herangezogen,
37 285 411 305 auf das ich unten weiter eingehen werde.
80 294 632 329 2. Der Durdreiklang wird durch die natürlich-reine Stimmung
35 323 624 349 nicht in demselben Verhältnis bedeutend verbessert, wie der Moll¬
36 348 631 371 dreiklang 10:12:15 erheblich verschlechtert wird, eine seit
34 369 624 391 Helmholtz' Versuchen feststehende Tatsache. Der natürlich-reine
38 389 623 411 Mollklang ist wegen seines starken Kombinationstones 1 (C zu
42 408 631 433 e′ g′ h′) entschieden dissonant (s. u.), während an der Konsonanz
34 432 632 458 des temperierten Mollklanges nicht zu zweifeln ist. Den
38 457 628 482 natürlich-reinen Mollklang können wir also nicht gebrauchen, um
39 480 629 503 so weniger, als e′ g′ h′ als Teilakkord 10:12:15 vom C-Klang
35 498 631 520 für unser musikalisches Empfinden bereits zu hoch in der Ober¬
37 521 629 546 tonreihe steht, wie Polak mit Recht bemerkt. Diese Umstände
35 541 629 566 hätte Riemann bedenken sollen, ehe er mir den Vorwurf machte,
39 562 625 585 mir scheine ganz entgangen zu sein, dass die „Natürlichkeit” des
46 581 632 610 Mollklanges sich auch ohne „doppeltes Fundament” beweisen lasse,
39 607 342 628 nämlich für die Töne 10:12:15.
82 621 631 651 3. Im allgemeinen sind die Abweichungen zwischen natürlich-
36 648 632 674 reiner und temperierter Stimmung zu gering, um dem europäischen
45 670 626 696 Hörer bewusst zu werden. Meine Leser mögen am Klavier den
38 690 633 719 Versuch machen, ob es ihnen gelingt, zu dem angeschlagenen
40 714 631 745 grossen c den 3. Teilton g etwas höher als das temperierte g, den
37 740 632 759 5. und 7. Teilton e′ bezw. b′ aber etwas tiefer als die betreffenden
43 758 625 785 temperierten Töne zu vernehmen. Wenn auch die temperierte Leiter
38 777 629 802 unserem Gehöre nicht angeboren ist, so lässt sich dennoch nicht
44 800 624 823 leugnen, dass sie uns sozusagen zur zweiten Natur geworden.
37 821 626 845 Folgende Ausserungen bestätigen diese Auffassung. v. Oettingen
38 841 625 868 S. 235: „Wird in der gewöhnlichen normal-tonischen Kadenz das e
46 861 635 886 im Schlussakkord c e g unrein gegriffen, so werden wir trotzdem
41 885 632 910 das Ganze richtig erfassen, zumal da nach Helmholtz die dem
41 910 631 935 reinen e entsprechenden Fasern in unserem Gehörorgan mit affiziert
46 929 628 953 verden.” d’Alembert „Eléments de musique théorique et pratique”
45 952 625 974 1766: „Quelque espèce de tempérament qu'on adopte, les alterations
45 973 629 1002 qu’il causera dans l’harmonie ne seront que peu ou point sensibles
43 996 631 1022 à l’oreille, qui uniquement occupée de s’accorder avec la basse
39 1015 633 1038 fondamentale, tolère sans peine ces altérations, ou plutôt n’y fait
39 1038 631 1065 aucune attention, parcequ'elle supplée d’elle méme à ce qui manque
37 1061 626 1089 aux intervalles pour être justes.” Stumpf, Tonpsychologie II S. 136:
46 1080 635 1108 „Wie überhaupt Reizveränderungen unter einer gewissen Grösse
40 1104 637 1129 keine wahrnehmbare Empfindungsänderung verursachen, so erzeugen
38 1124 627 1151 auch sehr kleine Abweichungen der Schwingungszahlen von den
