721 1298
314 100 345 135 55
37 149 616 175 im Dursinne (als Zusammenklang des 4. 5. 6. 7. und 9. Obertones)
36 172 614 199 hören und zwar gis h d f je nach dem tonalen Zusammenhange
28 193 527 226 mit alterierter Non fis oder mit alteriertem Grundton g.
302 253 347 288 § 6.
274 287 370 326 Tonalität.
69 321 589 354 I. Normale Kadenzen im reinen Dur und Moll.
75 358 613 395 „Die natürlichste Folge der Harmonien zur Ausprägung einer
27 385 613 412 Durtonart ist die, dass zunächst die Tonika selbst auftritt, ihr die
38 408 619 435 Unterdominante gegenübergestellt und sodann über die Oberdominante
28 436 612 458 zur Tonika zurückgegangen wird. Diese Harmoniefolge hat den
27 451 614 474 Namen vollständige Kadenz. Erscheinen die Harmonien in reiner
29 472 613 499 Gestalt (ohne fremde Töne), so leuchtet ein, dass die Folge
28 494 618 518 Tonika—Unterdominante missverstanden werden kann, sofern es
27 516 613 541 möglich ist, den als Unterdominante gemeinten Klang als Tonika
27 538 617 563 zu verstehen, in welchem Falle der als Tonika gemeinte als Ober¬
34 559 618 585 dominante verstanden werden würde: dann hätte man anstatt des
38 579 614 604 Weggehens von einer Tonika zu einer gegen sie verständlichen
27 602 618 626 (auf sie bezogenen) Harmonie vielmehr den Rückgang von einer
37 621 623 648 bezogenen Harmonie zur Tonika, also einen Schluss. Halten wir
27 647 618 674 dagegen die Bedeutung der Tonika gegenüber der Unterdominante
28 668 620 695 aufrecht, so erscheint diese als kontrastierender, als ein Konflikts¬
28 690 621 714 akkord; die nachfolgende Oberdominante, welche, als Klang der in
37 715 621 738 der Tonika selbst enthaltenen Quinte, durchaus als ein von dieser
31 731 625 759 abhängiger Akkord erscheint, hebt diesen Konflikt auf und führt
27 754 625 778 befriedigend zur Tonika zurück: c+ — f+ — g+ — c+ (normale
28 776 134 804 Durkadenz).
74 787 624 827 Für das reine Moll ist die umgekehrte Folge das
34 816 623 843 natürliche, d. h. gegensätzlicher (antithetischer) Akkord ist die
27 837 620 865 Molloberdominante (in A moll = 0h), und der den Konflikt auf¬
35 863 621 885 hebende ist die Unterdominante, der Unterklang der in der
28 883 623 906 Tonika selbst enthaltenen Quinte (in A moll = 0a):
27 904 625 930 0e — 0h — 0a — 0e (normale Mollkadenz).” Kg. H. S. 186, 187.
28 926 623 952 Hierauf ist zu erwidern: die von R. gezogene Parallele ist in der
27 950 368 971 behaupteten Weise nicht vorhanden:
76 970 619 995 1. Der eröffnende C durklang, sagt R. mit Recht, kann als
37 990 623 1015 Oberdominante von F dur verstanden werden. Folglich müsste bei
27 1013 618 1037 der gegensätzlichen Gleichheit beider reinen Geschlechter auch der
29 1035 621 1058 eröffnende E-Unterklang als Oberdominante der Mollperspektive
30 1057 621 1083 verstanden werden können. Dies ist nicht der Fall; vielmehr hören
29 1078 623 1106 wir den E-Unterklang als Unterdominantklang der Durperspektive,
33 1102 482 1129 indem wir einen Abschluss in E durmoll erwarten:
