721 1298
296 108 354 147 67
25 150 619 185 a—a (die bekannte fallende „melodische” Mollleiter). Die Notierung
26 179 157 209 ist bei R. so:
66 325 608 363 Die letztere Chiffrierung (die ausgelassenen Zahlen fehlen
26 353 609 380 bei R.) ist unrichtig, da die „äolische” Leiter nicht im Unter-
29 378 612 402 sondern Obertonsinne absteigend und hier nicht als reine, sondern
22 401 612 424 als Durmollleiter zu verstehen ist (daher e+). Richtig wäre allein
25 421 604 449 die Notierung von Grundton zu Grundton, d. h. mit Oberton¬
26 441 171 475 zahlen, gewesen:
64 513 615 553 Noch drastischer ist das gleiche Missverständnis R.s bei der
15 548 615 570 sog. steigenden melodischen Mollskala. Auch hier notiert er im
25 565 619 597 einen Mollsinne, obwohl fis und gis (Leitton!) doch entschieden
24 592 353 625 im Grundbasssinne zu verstehen sind:
61 732 607 764 Ebenso wäre die von R. als Normaltypus verworfene sog.
16 761 429 793 harmonische Mollleiter wie folgt zu schreiben:
64 833 609 866 Worauf wir hinaus wollen, sieht man leicht: Da die steigende
22 867 602 890 und fallende „melodische” Molltonleiter von R. unbedingt gut ge¬
23 883 613 907 heissen wird, dieselbe aber nur im Grundbasssinne verständlich
16 906 601 930 ist, so gerät auch in der Mollmelodik das Untertonprinzip bedenk¬
14 928 192 960 lich ins Schwanken.
70 966 558 998 II. Tonleiter der Unterdominante in Moll.
59 995 604 1033 Mel. S. 16: „Die Normalskala der Unterdominante in Moll
21 1021 166 1055 ist die Dorische:
58 1070 611 1108 Ihre Lizenzen sind im Aufsteigen die grosse Septime (cis),
21 1103 612 1137 durch welche sie mit der steigenden „melodischen” Molltonika-Skala
