721 1298
283 116 320 149 65
3 152 589 192 klanges in die Durkadenz bringt einige Harmonien in ihrer
-1 188 595 216 Gefolgschaft, welche die Kadenz abermals bereichern, nämlich zu¬
3 210 589 236 nächst selbstverständlich den Unterseptimenakkord des Seitenwechsel¬
10 231 589 257 klanges, der an die Stelle des Sextakkordes des Gegenquintklanges
12 253 597 277 tritt (cVII statt f6), ferner im Übergange von der Tonika zum
6 275 583 302 Seitenwechselklang den Quintwechselklang der Tonika (0g = c3>),
6 294 590 318 weiter den Terzwechselklang des Seitenwechselklanges (as+), der
3 319 593 345 an Stelle des Terzwechselklanges der Tonika (0e) einrückt und
2 339 595 366 auch direkt als Unterterzklang der Tonika verständlich ist; weitere
3 362 589 385 Konsequenzen sind der Unterseptimenakkord des Seitenwechsel¬
-2 382 594 405 klanges mit erhöhter Quint ($$GRAPHIC, der aber auch als 2. Ober¬
4 407 593 439 dominante mit erniedrigter Quint verstanden werden kann (= $$GRAPHIC),
1 436 595 462 der Unterterzklang mit übermässiger Sexte (resp. Terznonenakkord
-2 456 595 482 der 2. Oberdominante mit erniedrigter Quint, as6< = $$GRAPHIC) und
-3 478 594 507 der Leittonwechselklang des Seitenwechselklanges, der durch Vor¬
2 503 592 529 halt der kleinen Obersekunde vor der Mollprim entsteht, d. h. nichts
6 527 595 551 anderes ist, als der uns aus der Molltonart bekannte Akkord der
5 550 587 573 neapolitanischen Sexte (des+ = 0c2>). Die hieraus sich ergebenden
-1 572 591 593 neuen Kadenzbildungen stellen eine so weitgehende Paralle¬
2 589 595 616 lität der Mittel der im Verhältnis des Quintwechsels stehenden
-2 611 595 639 Tonarten (also C dur und C moll) her, dass eine Unterscheidung
-2 631 594 656 der beiden Tonarten nur dadurch zu erzielen ist, dass die in
-2 653 586 678 Moll wie in Dur möglichen Quintwechselklänge der Tonika und
4 676 590 703 des Gegenquintklanges (c+ und f+ bezw. 0c und 0g) auf Haupt¬
1 698 595 722 schlusswerten vermieden und auf solchen vielmehr der leitereigne
-1 720 589 742 Tonika- und Gegenquintklang bevorzugt werden. Als Hauptunter¬
1 743 584 765 scheidungsmerkmal bleibt schliesslich der Quartsextakkord,
-5 760 582 793 der in Dur die grosse Sexte, in Moll die kleine Sexte aufweist.”
47 786 586 820 Diese, wenn auch umständliche Sprache ist doch deutlich
0 815 583 842 genug. Nimmt man dazu das oben in § 4 über den Quintwechsel
4 836 584 862 gesagte, erwägt man ferner, dass auch der Quartsextakkord nur
6 858 586 885 von der Durperspektive aus verständlich ist, dass endlich die drei
1 879 589 904 Hauptklänge in Molldur und Durmoll bis auf den tonischen Klang
4 906 593 926 ganz gleichen Geschlechtes sind (o. § 1), so ist wahrlich nicht
3 922 589 950 verständlich, wie das dem Durgeschlecht so durchaus
6 944 583 971 ähnliche Durmoll noch im Untertonsinne verstanden,
4 965 583 991 noch als eine Abart des reinen Moll gelten soll. Ist es
-2 991 583 1015 nicht ein Faustschlag gegen die Logik, dass aus einem zugestandener¬
6 1010 584 1036 massen ganz ungebräuchlichen, unselbständigen Typus ein allgemein
4 1029 584 1056 gültiger abgeleitet wird, der für jenen eine unentbehrliche Stütze,
0 1052 586 1075 ja Existenzbedingung ist? So drängt denn alles zu folgendem
4 1071 588 1097 Schlusse: Da das Oberton-(Dur-)prinzip überall dominiert, so
4 1094 584 1116 muss auch das übliche Durmoll vollständig in dessen Sinne ver¬
-5 1117 584 1146 standen, d. h. die Mollklänge in Durmoll und Molldur müssen
