721 1298
385 117 417 155 40
99 153 685 195 Art verschieden aufgefasst werden müssten, während doch der Art¬
103 190 689 213 unterschied (gründend beim Durakkord in der Einheit, beim
100 212 687 234 Mollakkord in der Zweiheit des Klanges) unverkennbar und
105 230 690 257 niemals bezweifelt worden ist. Wenn nämlich Riemann dem Moll¬
107 255 681 283 klange ganz dieselbe Einfachheit und Ursprünglichkeit zuspricht wie
103 275 420 304 dem Durklange, gemäss der Reihen:
99 349 690 383 so ist wahrhaftig nicht einzusehen, weshalb das Ohr nicht ebenso
106 386 693 411 wie das Auge den Eindruck der gegensätzlichen Gleichheit
106 406 691 427 beider Klänge hat. Dazu kommt, dass Riemann zu der versuchten
98 427 688 452 Begründung des Charakterunterschiedes der Tongeschlechter so lange
104 452 692 475 kein Recht hat, als er auch für den Mollklang und die Molltonalität
106 470 691 493 Anleihen beim Durklang, beim Grundbassprinzip zu machen genötigt
106 491 693 514 ist; denn was nützen alle schönen Erklärungen, wenn die rauhe
106 510 692 540 Wirklichkeit unerbittlich die Grundtonqualität des tiefsten Tones
105 535 356 568 auch im Mollklange fordert?
142 556 686 582 Riemann irrt auch, wenn er (Problemschrift S. 24) meint,
98 577 686 600 Konsonanz könne nichts anderes sein als Verbindung zu einer
101 603 691 626 einheitlichen Vorstellung, — in Übereinstimmung mit v. Oet¬
102 620 685 646 tingen, welcher Dissonanz als gleichbedeutend mit (harmonischem)
107 642 691 666 Doppelklang erklärt. Sind doch der Durseptimen- und Dur¬
109 663 691 687 nonenakkord, die bisher stets als dissonant galten, keine Doppel¬
106 685 690 708 klänge, sondern einfache Akkorde, als Nachahmungen der
110 708 690 729 Schwingungsverhältnisse von 1—7 bezw. 9! Anderseits ist der
102 727 690 751 Mollklang A C e (g) zwar ein Doppelklang, aber dennoch entschieden
106 753 691 779 konsonant. Man kommt also mit dem Begriff der Einheitlich¬
103 769 695 800 keit nicht aus. Es gibt nur ein Kriterium der „Konsonanz”, das
102 791 684 817 für alle Fälle passt, daher stets unbedingt zuverlässig ist:
100 813 686 837 Schlussfähigkeit. Dass Akkorde mit Kondissonanzen schluss¬
100 836 691 860 fähig sind, haben wir bereits erkannt, insbesondere beim Moll¬
104 858 690 881 septimenakkord A C e g. Aber ist denn der Durseptimen¬
103 880 695 906 akkord A cis e g ebenfalls schlussfähig, also konsonant? Das g
100 900 691 924 verschmilzt hier nicht so gut mit dem cis, wie im Mollseptimen¬
99 923 686 951 akkorde mit dem c; folglich kann der Durseptimenakkord nicht
106 944 695 967 den gleichen Konsonanzwert beanspruchen. Ausserdem wird die
106 965 691 990 Empfindung des Abschlusses beim Durseptimenakkord durch tonale
105 986 691 1010 Gründe beeinträchtigt. Letzterer hat nämlich in Dur und Moll die
101 1009 691 1034 Funktion der Dominante, des Rechtsklanges, und das Ohr ist ge¬
101 1031 689 1056 wöhnt, diesen Rechtsklang zum Zentralklange, zur Tonika fort¬
102 1051 687 1079 schreiten zu hören. Dass tatsächlich die mangelnde Schlussfähigkeit
111 1073 691 1098 (Dissonanz) des Durseptimenakkordes vor allem auf tonaler Gewohn¬
101 1094 686 1119 heit beruht, beweist überzeugend der sog. phrygische Schluss,
100 1115 689 1150 der meistens als Rechtsschluss in Molltonarten auftritt (Fig. 45 a).
