721 1298
371 117 411 150 10
136 156 680 187 Die Namen „Gross-, Klein-, Nonen-” sind nach dem Abstande
97 181 685 210 der Tonarten F-, C- und G dur (die Mollwurzel D9 ist R9 von
92 203 676 230 G dur) von der Basis A dur gebildet. Da selbstverständlich auch
93 227 679 249 in Moll die Töne Klangvertreter sind, so ergibt sich konsequent
97 249 683 274 als Skala des gebräuchlichen Moll: a b h c cis d c cis d | e f fis g gis a,
93 270 679 292 also eine chromatische Tonleiter (!). Die entsprechenden Ton¬
94 296 681 320 buchstaben links und rechts vom Teilstrich bilden halbtönig fort¬
93 312 676 338 laufende reine Quinten, so dass beide Hälften vollständig symmetrisch
89 334 684 363 sind. Mit Hinzunahme der aus der quintverwandten E durtonart
93 358 676 381 stammenden Hochquart dis erweist sich die chromatische A moll¬
96 378 673 403 skala als identisch mit der fallenden chromatischen A durleiter.
91 399 679 424 Ein Grund mehr für die Richtigkeit der Behauptung, dass in dem
94 421 679 443 üblichen „chromatischen” Moll nicht Kleindur (oder eine andere der
93 443 683 467 linksstehenden Wurzeltonarten), sondern Basisdur die Vorherr¬
97 463 676 488 schaft hat, als primus inter pares, so dass alle Klänge und Töne
96 484 674 508 in Dur und Moll von der gemeinsamen Basis aus beurteilt und
93 506 681 529 bezeichnet werden dürfen. Alles Nähere über die vierfache
98 528 675 551 Wurzel des Mollklanges und der Molltonalität in
88 549 675 572 Teil I, insbesondere § 7 und Anhang („Zukunftsmusik?”), s. auch
92 571 673 594 Teil II S. 57—63! Nur das äusserst wichtige Ergebnis der neuen
87 593 672 621 Auffassung sei hier mitgeteilt: Der Mollklang und die Moll¬
97 613 673 636 tonalität sind keine unabhängigen, originalen Ge¬
94 636 676 660 bilde, sondern stets auf Durakkorde und Dursysteme,
89 658 674 683 mithin auf das in der akustischen Obertonreihe sich
93 679 676 703 offenbarende Naturgesetz zurückzuführen. Der Moll¬
95 700 674 725 klang ist kein polarer Gegensatz des Durklanges, sondern im selben
96 722 682 747 Oberton-(Grundbass)sinne zu verstehen wie dieser, er ist ferner nicht
88 744 683 765 wie der Durklang eine einfache (primäre), sondern eine vermittelte
92 765 680 788 (kombinierte) Konsonanz, deren relativ vollkommenste Form die
94 784 674 809 (beispielsweise) Notierung A C e (g) ist. Der im Verhältnis zu
96 808 680 830 Dur künstliche und eigenartige Eindruck des Mollgeschlechtes in
88 830 680 853 Theorie und Praxis beruht auf dem Zusammenwirken der 4 Dur¬
89 851 673 876 tonarten und der damit verbundenen Labilität und Entzweiung.
88 873 674 898 Im Gegensatz zum Dualismus, vertreten namentlich durch
88 891 673 919 A. von Oettingen und H. Riemann, ist die hier verteidigte Klang-
88 916 674 939 und Tonartauffassung eine konsequent durchgeführte monistische
91 937 673 958 und verhält sich zu der dualistischen wie Natur zur Unnatur, da
94 959 675 988 die Natur sich nur in wirklich vorhandenen Fundamenten (Grund¬
86 980 674 1007 bässen) und deren Obertönen offenbart, nicht aber in grundlosen,
86 1002 548 1028 eingebildeten Fundamenten und deren Untertönen.”
130 1017 678 1047 Das vorstehende Programm des musikalischen „Monismus” (so
94 1045 676 1070 darf sich die neue Richtung wirklich mit Recht bezeichnen) hoffe
93 1066 675 1092 ich auch in der vorliegenden Abhandlung siegreich zu verteidigen,
88 1088 671 1112 ja ich werde sogar nachweisen, dass H. Riemann selbst nach
90 1110 673 1138 seinen eigenen Äusserungen auf diesem Boden steht.
