721 1298
334 107 422 161 6
88 163 668 195 Anzahl von Möglichkeiten, wie sie auch starke Begabung erst durch
79 196 673 225 anhaltende Übung und manchen verfehlten Versuch zu gewinnen
88 216 153 242 vermag.”
130 230 671 266 Wenn sogar ein Richard Wagner sich über die Entwicklung
87 257 669 282 seiner Kunstideen und Technik theoretisch Rechenschaft ablegte,
82 283 667 306 um die Sicherheit zu haben, dass sein Genius in richtigen Bahnen
82 299 666 322 wandle, so ist auch dem heutigen Tondichter zu raten, an der
83 320 667 346 Hand eines weitsichtigen Lehrbuches einmal Rast und Umschau
87 346 667 368 zu halten, um zu erkennen, wohin er bisher steuerte und ob es
79 365 662 388 neue, noch unerforschte Gebiete gibt, nach denen zu steuern sich
82 385 671 412 verlohnt. Dass ein solches Lehrbuch äusserst anregend und
81 409 669 433 befruchtend zu wirken vermag, können nur diejenigen leugnen,
88 429 664 453 welche in übertriebenem Selbstgefühl von vornherein der Theorie
85 450 673 475 jeden praktischen Wert absprechen. Zum Streit- und Angelpunkt
82 472 660 498 der Musiktheorie ist in den letzten Jahrzehnten ein Problem ge¬
88 495 667 517 worden, das man am besten mit „Dualismus oder Monismus?” be¬
85 515 666 542 zeichnen kann. Neuerdings hat Hugo Riemann dieser Frage eine
83 535 667 559 Spezialstudie gewidmet im „Problem des harmonischen
80 557 671 584 Dualismus”, abgedruckt in der Neuen Zeitschrift für Musik 1905
83 579 670 603 Nr. 1—4. Darin hat er mit allen ihm zu Gebote stehenden
87 600 673 626 Mitteln der Dialektik seine dualistische Klangauffassung, gipfelnd
87 622 672 650 in seiner Unterton-Molltheorie, gegen den von A. J. Polak *) und
88 644 669 669 mir vertretenen „Monismus” zu verteidigen gesucht, wie ich nach¬
89 665 667 691 weisen werde, ohne jeden Erfolg. Schon 1901 hatte ich in
81 686 665 714 No. 44—50 der gleichen Zeitschrift eine Monographie geschrieben,
87 709 670 732 betitelt: „Die Unmöglichkeit und Uberflüssigkeit der
87 730 667 755 dualistischen Molltheorie Riemanns.” Ich hatte mich
79 752 673 778 damals bemüht, in aller Ausführlichkeit die Auffassung Riemanns
89 773 669 798 praktisch zu widerlegen und zwar durch dessen eigene Schriften,
79 796 673 819 aus denen ich eine ganze Reihe von Stellen zu zitieren vermochte,
83 816 671 839 die so unzweidentig die Unlogik und Hilflosigkeit der Unterton¬
82 840 661 859 theorie beleuchten, dass es kein Wunder nimmt, wenn Riemann
85 862 666 884 vorzog ganz zu schweigen und wenn er auch in seinem neuesten
87 883 671 906 Aufsatz von jener Monographie keine Notiz nimmt. Dass ein
79 902 673 928 Mann von der Bedeutung und den Verdiensten eines Hugo Riemann
86 924 662 946 mit solcher an Starrsinn grenzenden Zähigkeit an seiner Moll-
82 945 672 970 ansicht festhält, trotz einer überwältigenden stillen Gegnerschaft, ist
79 968 664 992 schwer zu verstehen und beweist zugleich, wie wenig Entschluss¬
79 989 661 1014 fähigkeit und Initiative die musikalischen Fachkreise selbst gegen¬
86 1012 674 1034 über wichtigen theoretischen Problemen haben. Bei einer offenen
80 1032 667 1058 und entschiedenen Stellungnahme würde auch die Autorität von
124 1084 666 1108 *) Zur Richtigstellung sei bemerkt, dass Polak und ich nur auf
82 1106 667 1130 geringen Strecken zusammengehen, im übrigen aber von Grund aus uns
82 1125 198 1146 unterscheiden.
