721 1298
379 109 412 147 60
145 148 685 190 R. stellt also die Klangbeziehungen in Dur und Moll als in
94 184 689 208 der Gegensätzlichkeit einander entsprechend hin (vgl. o. § 6, ferner
106 206 687 233 H. S. 26—61, 114—130, 132, 133, Kg. H. S. 186—193). Um
104 228 692 251 noch ein Beispiel anzuführen, so sagt R. Mod. S. 32, dass die
104 248 693 274 Bedeutung von f a c in A moll durchaus analog der von e g h
104 271 210 298 in C dur sei.
150 293 690 320 Wir wollen nunmehr an einer Reihe von Akkordfolgen unter¬
106 315 690 341 suchen, ob dem Anscheine nach gleich verwandte Klänge in Dur
101 336 691 361 und Moll wirklich gleichen Effekt machen, entsprechend dem Prinzip
106 356 369 392 der gegensätzlichen Gleichheit:
147 993 608 1029 Die Wirkung ist in der Tat nicht dieselbe!
143 1017 693 1051 Bei a) liegt das an der A molltonalität, welcher wegen der
99 1045 691 1068 engen Beziehungen der Molltonika zur Paralleltonart der Cis moll¬
100 1067 686 1092 klang viel ferner liegt, als der C durtonart der As Durklang. Im
99 1090 695 1116 übrigen verhindern die bald in Dur, [b)—d)], bald in Moll [e)—g)]
111 1111 687 1141 wahrgenommenen (weil vorbereiteten) Obersepten die Gleichheit des
