721 1298
384 116 425 147 76
152 162 692 193 c) die häufige sprungweise Führung des Soprans, veranlasst
104 181 695 218 durch die normalen Basssprünge, da der Bass in der Kopfstellung
105 205 264 235 zum Sopran wird.
157 225 691 256 Würde das Ohr gleich dem Auge die symmetrische Umkehrung
113 250 691 274 auffassen, so wäre gar nicht zu verstehen, weshalb die gegensätz¬
104 273 695 299 liche Gleichheit eines Satzes so fremdartig, ja widerhaarig
110 293 699 320 wirkt. Damit hängt auch die richtige Beobachtung des Verfassers
104 315 698 336 zusammen, dass auch der gemeinste Gassenhauer durch die Um¬
114 334 700 362 kehrung veredelt wird, indem er seine Trivialität, beruhend auf
114 355 440 382 abgedroschenen Wendungen, abstreift.
153 379 692 402 Dass ein Tonsatz auf symmetrische Umkehrung besonders zu¬
108 403 691 429 geschnitten sein muss, um erträglich zu wirken, ist kein Mangel,
115 423 697 446 sondern ein Vorzug; denn hierdurch bekommt die Inversio stricta
109 446 699 474 als kontrapunktische Stilform erst Wert und Berechtigung und
116 465 693 491 verliert das Schematische und Schablonenhafte, das sonst einer
117 485 694 514 solchen Umkehrung anhaften würde. Der Konflikt zwischen
116 509 697 533 Auge und Ohr ist also die Rettung für die symmetrische
113 531 698 555 Umkehrung — diese paradox klingende Behauptung bedarf nun
115 553 391 580 wohl keiner Begründung mehr.
153 566 701 599 Sehr dankenswert ist die Untersuchung Schröders über die
110 595 699 620 verschiedenen Möglichkeiten der Bearbeitung in symmetrischer Um¬
112 620 692 645 kehrung (S. 92—101). Es sind übersichtlich geordnet, folgende:
154 638 697 660 I. Inversio simplex (Gleichheit der Tonart und des Ton¬
112 659 695 689 geschlechtes, aber gegensätzliche Ungleichheit der Intervallfolge).
151 681 691 705 II. Inversio stricta (Gegensätzliche Gleichheit der Intervall¬
111 701 667 730 folge, aber Ungleichheit der Tonart und des Tongeschlechtes).
153 723 387 748 1. Inversio stricta relativa,
157 740 602 776 a) nur melodisch, mit freier Harmonisierung,
153 769 693 793 b) melodisch-harmonisch, unter Beibehaltung der
113 789 695 818 Originalharmonien, aber, wenn nötig, mit veränderter Bassstellung,
158 811 699 836 c) melodisch und harmonisch je für sich in getrennter
105 829 690 859 Behandlung (d. h. die Melodie tritt der begleitenden Harmonie
108 855 209 883 gegenüber),
157 871 691 904 d) stimmlich, indem jede einzelne Stimme für sich um¬
112 897 575 924 gekehrt wird und in der ihr eigenen Tonlage bleibt.
158 917 633 943 2. Inversio stricta absoluta (d. h. totale Kopfstellung).
154 935 692 968 Betreffs der absoluten Umkehrung sei hier beiläufig erwähnt,
114 958 698 986 dass es mir gelungen ist, die direkte, mühelose Ablesung eines
109 983 697 1009 Tonsatzes in faktischer Kopfstellung zu ermöglichen, so dass ein
115 1005 691 1029 und dieselbe Komposition in Wirklichkeit zwei Arbeiten darstellt,
109 1025 691 1054 die nur rhythmisch als identisch empfunden werden. Die Trans¬
108 1049 649 1076 skription des Originalsatzes wird auf diese Weise überflüssig.
183 1068 693 1093 — Da alle Akkorde und Akkordverbindungen im Grundbass¬
115 1092 696 1114 (Oberton-)sinne verstanden werden, so kann unmöglich von dem
105 1114 691 1142 rein illusorischen Untertonprinzip eine „Bereicherung des Akkord¬
