721 1298
360 108 417 146 8
86 145 675 182 Behält doch auch die heutige Naturwissenschaft ihr monistisches
81 177 669 199 Gepräge trotz des Gegensatzes z. B. von positiver und negativer
86 198 669 223 Elektrizität, desgleichen die Philosophie trotz des Gegensatzes von
95 218 668 247 Willen und Vorstellung. In der Musik ist das monistische
91 240 674 267 Grundprinzip die Erklärung aller Klänge von unten
88 265 661 291 nach oben, mithin das Durprinzip, das der natür¬
83 283 669 308 lichen Obertonreihe allein entspricht. Um die Trag¬
91 305 676 331 weite dieses musikalischen Monismus recht deutlich zu enthüllen,
91 327 673 359 führe ich aus meinen theoretischen Reformschriften folgende
81 348 186 375 Stellen an:
131 373 669 398 Teil I, S. 14: „Durch unsere Experimente sind wir induktiv
82 396 675 422 zu einem einheitlichen Gesichtspunkt vorgedrungen, indem wir die
85 417 673 440 Identität des Kombinationstones mit dem Grundbass
87 439 671 462 der den primären Klang enthaltenden (verkürzten) Obertonreihe
83 462 673 485 nachgewiesen haben. „Sowie der Grundton das Intervall bestimmt,
91 482 669 510 bestimmt auch das Intervall den Grundton; es gibt im C-Klange
85 501 670 526 nur eine grosse Terz c—e, gleichwie es für die grosse Terz c—e
83 524 674 554 nur einen Grundton C gibt” (Polak „Zeiteinheit” (1900) S. 56,
87 546 278 575 s. auch S. 16 Anm.)*)
127 572 668 595 S. 69: Sind wir doch jetzt im stande, alle konsonanten und
81 590 672 616 dissonanten Akkorde auf Durklänge zurückzuführen und durch
87 618 665 640 ein einziges tonales System alle Klangbeziehungen aus¬
88 636 176 666 zudrücken.
134 654 665 690 Teil II S. 42: Die musikalische Akustik gipfelt in folgen¬
82 684 196 711 den Sätzen:
135 705 666 734 1. Alle Akkorde sind reine oder künstlich veränderte (alte¬
87 725 666 754 rierte) Naturklänge, d. h. Durdreiklänge, Durseptimen- oder Dur¬
90 749 206 779 nonenakkorde.
128 770 622 799 2. Alle Akkorde sind einfache oder Doppelklänge.
135 792 673 815 3. Alle Doppelklänge besitzen zwei Grundtöne, deren zu¬
87 813 675 841 gehörige Akkorde wiederum reine oder alterierte Naturklänge sind.
84 836 671 859 Der obere Grundton ist die (reine) Quinte, (grosse oder kleine)
98 859 674 885 Terz oder (kleine) Septime des unteren Grundtons, entsprechend
88 878 679 902 den einfachen Obertonzahlen, abgesehen von der schon zu weit
89 900 673 924 abliegenden, daher nicht verwendeten None und von der als Ober¬
94 921 434 953 ton nicht vorhandenen kleinen Terz.**)
133 977 679 1009 *) Dieses Identitätsprinzip ist bereits von Tartini gefunden, siehe
85 997 629 1023 H. Riemann „Studien zur Geschichte der Notenschrift” S. 96—102.
116 1012 673 1037 **) Dass die None als oberer Grundton nicht fungieren kann, be¬
89 1034 680 1057 weist der unvollständige Doppelklang C . . . D fis a, der viel einfacher
95 1053 673 1074 nd richtiger als D7 zu erklären ist. Ebenso würde C . g . D fis a ein¬
87 1071 676 1092 facher als D7 + C = D fis a C (e) g zu konstruieren sein. — Die Grund¬
95 1088 673 1113 tonqualität der kleinen Terz folgt aus der innigen Verschmelzung der
88 1106 599 1134 Klänge A . e g und C e g beim A mollseptimenakkorde (s. u.).
