721 1298
368 118 414 158 34
93 164 681 194 uns keine sichere, absolute Festlegung des Konsonanzbegriffes und
99 190 685 214 berufe mich auf Stumpfs eigene Äusserungen. In der Tonpsycho¬
99 213 681 240 logie II S. 177 heisst es nämlich: „Die Geschichte der Musik
97 234 679 261 wie der Musiktheorie wird uns im folgenden Bande *) noch
97 258 691 281 sprechende Belege dafür liefern, dass das Verschmelzungsurteil sich
101 276 684 302 im Laufe der Zeiten verfeinert hat, dass selbst die Erhebung der
95 297 685 320 Terzen und Sexten über den Wellenboden (der Verschmelzungs¬
99 321 680 346 kurve) im Altertum lange Zeit unbemerkt geblieben ist. So ist
94 339 679 362 es immer denkbar und sogar wahrscheinlich, dass nach und
95 362 685 385 nach künftig auch innerhalb der Tonverhältnisse der untersten oder
106 387 686 411 der beiden untersten Verschmelzungsstufen feinere Unterschiede
95 405 691 427 bemerkt und vielleicht auch praktisch verwertet würden, m. a. W.
106 425 681 455 dass 4:7 (7:8), 6:7 (7:12) und dgl. zu „Konsonanzen” er¬
95 449 691 479 hoben würden. Dies würde freilich eine vollständige Umgestaltung
104 474 679 498 unseres Musiksystems bedeuten.” Ferner Gesch. des Konsonanz
99 492 691 514 begriffes S. 71: „Das Intervall 5:7 (Tritonus) kann ebensogut
99 512 682 538 wie 4:7 (Septime), soweit nur der Verschmelzungseindruck in
102 535 689 557 Betracht kommt, noch als unvollkommene Konsonanz gelten.
103 557 688 579 Der Vorzug der natürlichen Septime 4:7 vor den eigentlichen
106 578 689 603 Dissonanzen wurde bekanntlich schon im vorigen Jahrhundert be¬
107 601 691 628 hauptet (Kirnbergers Ton i, von Fasch auch in die Praxis ein¬
102 621 687 646 geführt), und viele feinhörige Beobachter sagen auch heute, dass
109 644 690 665 der Vierklang c e g b einen konsonanten Akkord bilde, wenn
102 664 686 691 b etwas tiefer, im Verhältnis 4:7 zu c intoniert werde. Auch
106 686 691 710 Helmholtz lehrt, dass die Septime der kleinen Sexte sehr häufig
107 705 693 734 an „Wohlklang” überlegen sei (Tonempf. 4. Aufl. S. 321). Ich (Stumpf)
106 728 688 756 habe gleichfalls, und zwar wie die Alten von der Beobachtung der
105 751 685 773 Verschmelzungsgrade ausgehend, diesem Intervall noch, wenigstens
113 772 688 794 vermutungsweise, eine Stelle vor den ganz dissonanten Intervallen
105 793 686 818 eingeräumt und bin inzwischen darin noch bestärkt worden.” „Aber”,
105 813 693 843 wird der Leser einwenden, „hier ist ja überall von natürlich-reinen,
112 837 692 861 nicht temperierten Intervallen die Rede, also nicht von den eigent¬
112 856 695 886 lich praktisch-musikalischen!” Nun erzeugen aber nach Stumpf
107 880 687 902 (Tonpsychologie II S. 136—140 d) kleine Abweichungen der
105 901 690 925 Schwingungszahlen noch keine merklichen Veränderungen des Ver¬
111 922 694 946 schmelzungsgrades, namentlich nicht auf den beiden untersten
111 945 695 969 Verschmelzungsstufen, so dass wir bei temperierter Stimmung
105 965 686 990 die grosse und kleine Terz noch als konsonant empfinden, diese
107 985 694 1014 temperierte Stimmung also auch auf Septime und Tritonus keinen
104 1008 692 1033 merklichen Einfluss haben kann. A. J. Polak äussert in seiner „Ton¬
104 1036 696 1058 rhythmik” S. 4: „Wir sprachen es in unserer vorigen Abhandlung
111 1052 690 1077 („Zeiteinheit”) aus, dass die gewöhnliche Anschauung, die kleine
108 1074 690 1106 Septime unter die Dissonanzen zu rechnen, ebenso hemmend auf die
143 1115 561 1150 *) Ist nicht erschienen und wird nicht erscheinen.
