721 1298
365 116 400 147 16
82 162 671 189 C-Klang wird auch als Bestandteil des zweiten Klanges vernommen
88 188 669 214 und der letztere als Doppelklang gehört, da zwei Klänge in
84 208 670 229 gleicher Weise die Aufmerksamkeit in Anspruch nehmen, ohne
87 230 676 254 dass einer dominiert. Die Analyse dieser Doppelklänge ist F0 + C
85 249 667 274 bei a) —d), F + C bei g), C + G7 bei e) und f). An ihrer Selb¬
87 271 668 300 ständigkeit ist ebensowenig zu zweifeln, wie an der Auffassung
83 293 668 315 des Mollklanges f as c als F ♭a c, von unten nach oben, also im
82 314 670 337 Dursinne. Bei a)—d) und f) leuchtet die Natürlichkeit der Kadenz
82 336 397 362 sofort ein, die so verstanden wird:
135 398 677 428 Wie gesucht und unnatürlich nimmt sich dagegen Riemanns
82 423 679 450 Erklärung aus: f as c e ist ihm = cVI<, f as c e g = $$GRAPHIC, d. h.
86 450 675 477 f as c soll von oben nach unten, mit e als ♮es gehört werden,
86 473 670 500 obwohl doch e innerhalb C dur zweifellos Hauptton ist. Da e und g
87 495 669 518 lediglich Zusatztöne sein sollen, ermangeln sie jedes organischen
83 516 671 539 Zusammenhangs mit dem Klangganzen, stehen also gänzlich in der
87 538 670 562 Luft. Wie kann man nur übersehen, dass dieses e g zusammen
86 559 677 584 mit c unzweifelhaft den C durklang vertritt, zumal derselbe gerade
88 581 679 605 vorher vernommen ist? Dieser C-Klang soll im zweiten Klange
86 604 673 627 plötzlich zu nebensächlichen, fremden Zusatztönen herabsinken?
94 623 675 650 Das werden wir Riemann niemals glauben. Es scheint, dass Riemann,
92 646 679 669 der in seinen Schriften immer noch ein geheimer Anhänger des
95 667 680 690 Doppelklangprinzips ist (s. seine gewundene Ausdrucksweise in den
85 689 673 713 obigen Zitaten, ferner S. 44 seiner Problemschrift, wo er von den
93 709 674 736 Intervallen c—d′, c—h′ und c—gis′ sagt, dass d′ als Quint von g,
92 732 670 755 h′ als Terz von g′ neben die Prim c eine zweite Prim g, ebenso
88 753 676 781 gis als Terz von e neben die Prim c die Prime stelle), durch
91 775 672 798 folgende Erwägung zur Abkehr von jenem Prinzip gekommen ist:
91 797 674 821 „f as c e (g) würde nach der dualistischen Klangauffassung als
87 819 674 846 Positiv + Negativ, d. h. als $$GRAPHIC zu deuten sein, es
88 846 674 877 wäre indessen eine zu starke Zumutung, in ein und demselben
93 873 670 901 Zusammenhange ein Hören nach zwei entgegengesetzten Richtungen
87 898 671 924 zu fordern; somit bleibt nichts übrig, als nur einen Klang und
94 918 679 943 die Töne e, g als Zusatztöne desselben zu notieren.” Man sieht
88 939 673 963 hier recht deutlich, zu welcher Verschrobenheit die Untertontheorie
92 961 671 983 führen musste. Noch ein Beispiel aus der Kurzgefassten Harmonie¬
92 982 677 1007 lehre Riemanns (X), das mit Fingern auf das Doppelklangprinzip
87 1006 679 1028 weist, gleichwohl aber von Riemann total verkannt wird (Fig. 12).
89 1024 679 1046 Den zweiten Akkord analysiert er als $$GRAPHIC, wo sich die Ziffern
86 1046 673 1071 auf das e und g beziehen, obwohl diese Töne auch hier ihre
87 1067 670 1091 C-Klangbedeutung ganz offensichtlich beibehalten, während die
92 1089 673 1112 Aussenstimmen f—a den F-Klang repräsentieren. Bezeichnet doch
84 1111 680 1142 Riemann a. a. O. im Widerspruch zu seiner Bezifferung f a c e und
