721 1298
327 106 364 152 13
47 150 639 189 jedenfalls Hauptton, nämlich Dominantterz, in Übereinstimmung
46 184 632 212 mit Riemanns Lehre von der Klangvertretung, in Übereinstimmung
50 205 631 231 ferner mit seinem eigenen Beispiel Fig. 3a), wo g im E mollklange
49 226 633 253 als Grundton des G durklanges notiert wird, h demnach Terz ist;
51 248 632 275 vgl. auch die Wirkung von b)! Konsequent muss also auch Riemann
51 270 637 295 mit der Auffassung von e g h als Doppelklang (C) e G h (d) rechnen.
49 292 637 319 In Fig. 3 ist h Terz vom G-Klange, e Terz vom C-Klange, nicht
44 311 638 337 dagegen eine blosse Zusatz-Sexte; denn die beiden Aussenstimmen
46 333 636 357 bei a) und c) vertreten unzweifelhalt den C-Klang, nicht nur nach
43 354 634 378 der „physiologischen Klangwirkung”, sondern auch für die „Auf¬
40 376 639 402 fassung der Klangbedeutung”. Gegen den Sprung dieser Terz e
44 399 639 425 bei c) wird niemand etwas einwenden können, auch Riemann nicht
51 423 634 446 (s. o.). Das e ist also mehr als ein „unaufgelöster Vorhalt”, es ist
50 442 638 466 wirklicher Akkordton und der Akkord selbst terzweise gebaut.
44 463 639 484 Schon A. von Oettingen hat in seinem „Harmoniesystem in dualer
46 485 631 508 Entwicklung” (1866) auf die mögliche Analyse von e g h = C + G
45 507 630 532 hingewiesen (S. 244. vgl. auch meine Musikalische Akustik S. 30—32).
46 528 638 554 Aus Riemanns Kurzgefasster Harmonielehre (X) sei noch fol¬
40 550 636 574 gender Beleg, betreffend a c e g, angeführt: „Durch Vorausnahme
47 572 634 599 der Terz der Unterdominante (!) zur noch bleibenden Tonika (c e g)
46 595 631 618 entsteht der bereits der Unterdominante näher kommende
41 612 316 646 Akkord der Tonika mit Sexte.”
83 637 633 664 So viel über den Mollklang als Doppelklang! Als ein¬
40 653 631 681 facher Klang kann a c e je nach dem tonalen Zusammenhange
43 680 631 701 = A ♮cis e oder = (D fis) a c e sein. Auch für diese Auffassungen
44 701 631 723 findet man bei H. Riemann Belege in seinen eigenen Äusserungen.
42 723 630 745 Betreffs A ♮cis e verweise ich auf § 4 meiner Monographie, be¬
45 744 612 767 sonders auf das Zitat Mod. 145, das eine deutliche Sprache redet. —
45 763 627 794 Auf die nonenmässige Analyse des Mollklanges deutet folgende
46 787 631 810 Stelle im Handbuch der Harmonielehre Riemanns S. 78: „Der
40 809 636 833 Akkord g h d′ f′ a′ entspricht fast genau dem Zusammenklange
46 830 633 858 des 4., 5., 6., 7. und 9. Obertones von ‚G; f′ ist ein wenig höher,
43 851 633 878 a′ ein wenig tiefer, als sie als Obertöne von ‚G sein müssten;
42 873 627 900 durch die Temperatur wird aber d′ f′ a′ zum Mollakkord (!). Bei¬
43 898 630 917 spiele mit Nonenbedeutung des Mollklanges sind in Fig. 4 aufgeführt.
86 919 631 942 Dass ich einmal in der Lage sein würde, meinen
42 934 637 964 grossen Gegner H. Riemann selbst als Anhänger der
47 962 638 990 4 fachen Wurzel des Mollklanges, als verkappten
42 981 630 1007 „Monisten” blosszustellen, hätte ich mir früher nicht
46 1004 628 1028 träumen lassen. Um meine Leser an die neue Mollauffassung zu
48 1027 638 1052 gewöhnen, will ich noch einige Notenbeispiele hierhersetzen. Vom
52 1047 635 1073 Typus (C) e G h (d) sind die Mollklänge in Fig. 5 (vgl. Fig. 3),
41 1067 637 1102 vom Typus A cis e die Mollklänge in Fig. 6, vom Typus A C e (g)
40 1091 387 1115 die Mollklänge in Fig. 7 (vgl. Fig. 1a).
93 1107 641 1144 Wie sich mit der 4 fachen Wurzel des Molldreiklanges dessen
