721 1298
311 109 343 149 25
38 157 632 194 Gewöhnung speziell gebildeten Hörer nicht nur ein physisches
46 188 625 212 Erleiden, sondern eine psychische Aktivität, ein fort¬
40 206 629 236 gesetztes Vergleichen und Verknüpfen der einander fol¬
41 230 631 258 genden Töne und Zusammenklänge. Darin allein liegt die Erklärung
46 251 631 274 dafür, dass die effektive akustische Stimmung eines Intervalls
33 271 630 299 durchaus nicht die Auffassung desselben in dem durch diese
43 294 622 316 Stimmung bedingten Sinne zu erzwingen vermag, dass vielmehr
43 316 624 340 der „musikalische Zusammenhang”, die Beziehungen der Töne auf¬
37 333 631 361 einander nach Prinzipien grösster Einfachheit, möglichster „Öko¬
35 362 629 386 nomie” des Vorstellens entscheiden. Die real hervorge¬
42 381 630 403 brachten Klänge sind für das musikalische Hören schliesslich nur
43 401 631 425 eine Art Rohmaterial, ein grober Stoff, aus welchem der vorstellende
45 424 626 446 Geist in allerdings beschränkter aber nicht absoluter Abhängigkeit
42 445 632 469 die Gebilde formt, an denen er sich erfreut. Darin, dass das
34 468 623 491 musikalische Hören tatsächlich fortgesetzt ein auswäh¬
43 488 631 513 lendes, Ordnung und Konsequenz aufsuchendes,
37 512 627 538 psychisch-aktives und nicht ein psychisch-passives ist, liegt
34 532 632 554 allein die Erklärung, wie dasselbe sich mit (temperierten) An¬
41 552 633 578 näherungswerten statt der absolut reinen Intonationen abfindet
43 575 633 598 und wie es im stande ist, nicht in der künstlerischen Absicht
34 597 631 618 liegende, aber durch die Natur der Klänge unserer Musikinstrumente
43 620 631 642 bedingte Beitöne von manchmal sehr beträchtlicher Stärke zu
34 640 633 666 überhören, vollständig zu ignorieren.” Dazu seien noch
39 660 631 683 folgende bestätigende Aussprüche angeführt. Stumpf, Tonpsycho¬
36 684 629 707 logie II S. 222: „Vorerst ist es ein falsches Prinzip, dass alles, was
34 705 626 727 im Empfindungsinhalt vorhanden ist, bei gehöriger Aufmerksam¬
43 728 626 758 keit wahrnehmbar sein müsste. Es gibt unbemerkbare
34 748 632 770 Empfindungen und Empfindungsunterschiede.” Billroth, „Wer ist
42 767 631 794 musikalisch?” (1898) S. 120: „Die Erscheinung, dass wir haupt¬
37 793 631 815 sächlich und bewusst nur das wahrnehmen, worauf wir unsere
36 811 629 835 Aufmerksamkeit konzentrieren und alles zugleich physiologisch
40 834 626 857 Wahrgenommene unbeachtet lassen, ist ein sehr verbreiteter
43 855 494 882 Irrtum auf dem Gebiet der Sinneswahrnehmungen.”
83 877 631 905 Ich hoffe, man wird mir nach diesem nicht länger einen Vor¬
41 898 625 922 wurf daraus machen, dass ich das Klavier zum Experimentieren
44 922 626 944 verwendet habe. Der geneigte Leser beachte auch, wie mein obiges
37 941 625 965 chromatisches Experiment, oder mit anderen Worten, wie das Hören
43 963 632 986 allein im Sinne des Durdreiklangs, Durseptimen- und Durnonen¬
34 985 627 1013 akkords durchaus nach dem Prinzip „grösster Einfachheit, mög¬
44 1006 626 1030 lichster Ökonomie des Vorstellens” (Riemann) erfolgt. Nach diesen
44 1028 626 1051 Ausführungen fällt die Behauptung in Riemanns Problemschrift S. 4,
37 1051 623 1079 meine Experimente „am Klavier”, mit denen ich die „Natürlichkeit”
46 1071 627 1094 dieser Akkorde erweise, seien für einen sehr kindlichen Standpunkt
37 1093 624 1121 physikalischer Bildung berechnet, da man auf einem Instrumente
35 1120 631 1146 mit genau in den natürlichen Verhältnissen der Ober¬
