721 1298
298 101 332 143 59
16 153 614 187 gegenüber einer Folge mehrerer Durakkorde in der Mollkadenz
17 175 208 206 schlecht standhalten:
67 327 608 365 „Natürlich muss die Frage offen gelassen werden, wie weit
22 353 607 385 das schlechtere Verstehen der reinen Mollkadenzen Sache der Ge¬
24 376 138 403 wohnheit ist.”
69 383 608 425 Wir antworten: Ganz und gar nicht Sache der Gewohnheit,
17 420 608 446 sondern der Unmöglichkeit des Untertonsystems. Die Darstellung
22 442 606 466 des C durklanges in Moll als $$GRAPHIC oder hVII> des F Durklanges als
22 463 608 491 eVII> oder $$GRAPHIC, endlich des G durklanges als $$GRAPHIC, wie sie R.
17 491 613 522 analog den Terzwechselklängen in C dur gibt, widerspricht so sehr
25 515 611 539 jedem gesunden Gefühl, dass jede weitere Erörterung überflüssig
25 539 604 559 ist. Übrigens scheint R. selbst vor den gezogenen Konsequenzen
25 559 611 583 zurückzuschrecken. Mod. S. 141: „Wir erinnern uns, dass in C dur
16 581 604 603 selbst die direkte Folge der drei leitereigenen Mollakkorde möglich
16 600 607 626 ist, ohne dass einer derselben als wirklicher Mollakkord aufgefasst
25 624 605 650 wird; wenn das Analoge für Moll besonders hinsichtlich des Terz¬
22 643 604 666 wechselklanges der Molloberdominante nicht unbedingt zu¬
21 669 607 691 gegeben werden könnte (S. 30), so bedürfte es dessen darum
15 689 607 714 nicht (?), weil die Molltonart sich doch der Duroberdominante
24 707 357 730 bedient” (vgl. auch Mod. S. 46, 104).
63 718 608 754 Es ist nicht zu leugnen: Die Durklänge in Moll werden
16 753 607 777 wirklich als solche aufgefasst, wodurch wiederum der
25 773 608 802 Entwicklungsfähigkeit der Untertontheorie ein arger Stoss
18 795 171 826 versetzt wird.
288 835 333 874 § 7.
238 865 391 903 Verwandtschaft.
69 900 606 930 „Zwei Arten der Klangverwandtschaft sind stets zu unter¬
22 929 609 955 scheiden, die Verwandtschaft im Dursinne und die Ver¬
24 948 613 974 wandtschaft im Mollsinne. Im Dursinne verwandt sind
25 972 615 994 die Klänge, deren Haupttöne von der Tonika aus durch steigende
20 994 606 1017 Quint- und Terzschritte gefunden werden, im Mollsinne verwandt
25 1016 609 1042 dagegen solche, deren Haupttöne von der Tonika aus durch fallende
27 1036 388 1063 Quint- und Terzschritte gefunden werden.
70 1060 607 1084 „Die natürlichen Verwandtschaftsbeziehungen der Molltonart
27 1079 611 1103 gehen ebenso nach unten wie die der Durtonart nach oben”
26 1099 165 1131 (Mel. 160, 162).
