721 1298
311 356 362 386 I.
97 397 548 427 Die Zukunft der Musiktheorie
189 436 459 466 (Dualismus oder „Monismus”?)
139 469 518 499 und ihre Einwirkung auf die Praxis.
71 506 617 535 Die übliche Musiktheorie ist bei einem grossen Teil der heutigen
35 525 620 554 Tonsetzer und Ästhetiker total in Misskredit geraten, da sie weniger
32 554 613 578 als je dem denkenden Menschen genügt und in meilenweitem Ab¬
37 574 613 603 tande hinter der Praxis herhinkt. „Dem Mangel einer Begründung
28 596 617 620 der Gesetze und dem Mangel, welcher den Gesetzen dadurch an¬
35 619 613 646 haftet, dass sie, obschon nur auf Spezialfälle bezüglich, für
27 639 617 664 allgemeingültig erklärt werden und sich dann natürlich nicht
28 661 615 684 als allgemeingültig halten können, diesem Mangel ist ein Teil der
38 681 613 708 jetzigen Anarchie in der Kunstlehre zuzuschreiben” (A. J. Polak
37 703 616 726 Tonrhythmik 1902 S. 13). „Kann überhaupt in unserem Zeitalter
37 725 619 747 der individuellen Ausdrucksmusik die Harmonielehre noch irgend¬
40 746 621 771 welchen Wert haben?” so könnte wohl mancher fragen. Sicher¬
27 767 618 791 lich nicht, soweit es sich um die landläufigen engherzigen und
34 788 615 814 kasuistischen Systeme handelt, die insbesondere der Chromatik rat¬
28 812 619 839 los gegenüberstehen und durch ein Heer von Scheinakkorden, von
38 830 619 857 Regeln und Ausnahmen die Geduld des phantasiebegabten und in¬
33 853 620 877 telligenten Schülers auf eine harte Probe stellen. Anders steht es
37 876 619 903 dagegen mit einer liberalen, von leitenden Gesichtspunkten aus¬
41 897 621 920 gehenden, folgerichtigen und mit der Praxis Fühlung haltenden
39 919 621 943 Musiktheorie; denn dann gilt, was Hugo Riemann sehr richtig in
34 940 618 967 seiner Grossen Kompositionslehre (1902) Band I Einleitung und
32 961 612 986 S. 245 bemerkt: „Jeder neue Fortschritt in der theoretischen Er¬
30 981 620 1007 kenntnis ist geeignet, dem Komponisten mit wenigen Worten etwas
40 1003 627 1026 zu sagen, das er anders nur auf dem Wege des vergleichenden
32 1026 619 1048 Hörens einer grösseren Anzahl von Kunstwerken und mit er¬
28 1046 616 1070 heblichem Zeitaufwande zu finden vermöchte . . . . Der
33 1070 619 1096 Nutzen der Theorie bewährt sich in der Vermeidung einer ge¬
39 1093 624 1116 wissen Einseitigkeit und Beschränkung auf einzelnes, in der freieren
39 1110 617 1138 Beweglichkeit der Phantasietätigkeit und Verschaffung einer grösseren
