721 1298
386 110 429 152 48
112 153 692 186 Tiefe hin Klänge in ganz denselben Abständen wie die 6 ersten
114 184 701 209 Teiltöne des Oberklanges mit einander zu verbinden, so stellt sich
114 206 698 233 heraus, dass der sich ergebende Zusammenklang zwar ganz anders
118 227 697 249 klingt als jener aus den 6 ersten Teiltönen des Oberklanges ge¬
107 245 697 279 bildete Durakkord, aber doch ganz und gar dessen Eigenschaft
112 272 694 296 teilt, ruhig, ungestört (konsonierend) zu klingen, nicht aus sich
114 292 693 315 heraus zu streben, sondern sich selbst zu genügen. Diese zweite
105 316 696 339 Art konsonierender Akkorde, bestehend aus den ersten Teiltönen
106 335 692 368 des Unterklangs, nennen die Musiker Mollakkord (der A mollklang
108 363 584 427 $$GRAPHIC = E-Unterklang, abgek. durch 0e) — H. S. 2 ff.
147 417 692 450 Nach dem Prinzip der Oktavenvertretung (H. S. 4, 5) ist im
106 445 701 473 C-Oberklange & Prim (1, Hauptton, Tonika), e Terz (3), g Quint (5),
117 468 696 490 ohne Rücksicht auf die Lage dieser Töne; entsprechend ist im E-
116 488 691 522 Unterklange e Prim (I, Hauptton, Tonika), c Terz (III), a Quint (V).
159 511 700 533 Die A molltonleiter erweist sich als vollständiger Gegensatz
115 533 695 561 der Durskala, d. h. der Richtung nach, während die Intervalle
113 555 385 586 beider Tonleitern gleich sind:
112 669 698 704 Es bedarf keiner weiteren Hinweise und Beispiele, um einzusehen,
107 700 692 725 dass nach dieser Theorie in Moll alle Durverhältnisse als auf den
109 719 691 747 Kopf gestellt erscheinen, von der entgegengesetzten Perspektive
109 743 691 768 aus aber ganz gleich nachgebildet sind. Dennoch wird das „reine”
114 765 698 789 Moll von R. als ein von Dur durchaus unabhängiges, ihm eben¬
112 786 693 812 bürtiges, Geschlecht erklärt: „Wo ein Mollakkord Tonika ist, kann
106 808 698 834 er nicht Negation eines Durakkordes sein, denn das hiesse ihn vom
109 829 693 852 Durakkord ableiten, d. h. zur Dominante machen. Um die Moll¬
112 851 688 876 tonart recht zu verstehen, müssen wir den Mollakkord ebenso als
107 872 688 895 ursprünglich, als völlig selbstverständlich, als prima ratio ansehen,
110 896 689 917 wie in der Durtonart den Durakkord. Die natürlichen Verwandt¬
107 918 689 943 schaftsbeziehungen der Molltonarten gehen ebenso nach unten, wie
106 938 697 963 in den Durtonarten nach oben.” (Mel. S. 162). R. wendet sich
107 957 691 988 hier insbesondere gegen Rischbieter, welcher in seiner Abhandlung
106 981 695 1003 über Modulation (Dresden 1879, Verlag von F. Ries) A moll und
109 1002 692 1026 C Dur als zusammengehörig, die Paralleldurtonart als Haupttonart
107 1024 691 1046 und den A mollakkord als einen Klang betrachtet, welcher das
106 1046 690 1080 positive Terzintervall c-e als negatives, ausserdem den Ton e als
115 1067 558 1090 Grundton des positiven Dreiklangs e gis h enthält.
155 1081 695 1113 Um die Beziehungen zweier Klänge zu einander auszudrücken,
102 1109 685 1145 bezeichnet R. die Folge c+ — g+ (e0 — 0a) als (schlichten) Quint
