721 1298
307 120 342 161 31
34 168 625 199 solcher Hörvorgang sich allerdings weder aus den Obertönen noch
28 198 624 221 aus den Kombinationstönen erklären lassen. Aber die Riemannsche
34 215 619 242 Deutung entspricht nicht dem wahren Hören. Vielmehr wird das
28 237 625 264 eröffnende d′ f′ als unvollständiger Septimenakkord g h d f, also
35 260 620 283 mit dem Kombinationston (Grundbass) G, das e′ g′ als unvoll¬
34 280 623 305 ständiger Durdreiklang mit dem Kombinationston (Grundbass) C,
31 302 623 323 die Akkordfolge selbst als zur C durtonart gehörig (= R7 M) ver¬
35 323 625 346 nommen. Das vorgezeichnete ♭ ändert hieran nichts, da nicht das
27 346 621 372 Auge, sondern das Ohr zu entscheiden hat. Da das springende g
37 367 623 393 nach dem musikalischen Trägheitsgesetz noch im Ohre haften bleibt,
34 388 625 414 so wird das folgende d′ b′ als G mollklang vernommen, welcher
27 410 621 433 weiterhin sich als Linksmollklang von D moll ausweist. Wie ist
26 428 618 454 nun der G mollklang akustisch-musikalisch zu erklären? Man kann
28 453 619 474 zweifeln, ob man ihn als C9 oder G B d (f) analysieren soll. Ob¬
31 476 621 502 wohl nach dem vorhergehörten C durklange C9 naheliegt, so spricht
33 495 619 521 doch die B durvertretung von d′ b′ und der weitere tonale Zu¬
26 519 620 540 sammenhang für G B d (f). Die Aufsuchung der Kombinationstöne
29 540 621 565 erschwert also nicht nur nicht das Verständnis, wie Riemann meint,
28 560 618 586 sondern erleichtert es sogar (!). Stimmen auch meine Leser mit
28 583 618 608 meiner Deutung überein, woran ich nicht zweifle, so geben sie
33 603 618 630 damit zugleich zu, dass uns Dur wegen seiner naturgemässen Ein¬
28 623 291 658 fachheit näher liegt als Moll.
70 678 612 714 Nun endlich zum Konsonanzproblem, der pièce de rési¬
29 713 615 738 stance der musikalischen Akustik! Wenn Riemann trotz aller
33 734 613 758 praktischen Misshelligkeiten dennoch bis heute an seiner Unterton¬
29 755 619 782 theorie festhält, so ist das treibende Motiv offenbar die Möglichkeit,
28 776 621 801 den Molldreiklang als gegensätzlich gleichen Durdreiklang ebenso
27 799 619 825 einfach als Konsonanz erklären zu können, wie den Durdreiklang
34 821 615 844 selber. Dass der Mollklang als konsonant empfunden wird, darüber
27 841 620 866 ist ja die heutige musikalische Welt völlig einig. Wie reimt sich
30 863 613 891 aber mit dieser Tatsache die monistische Doppelklangsnatur des
34 884 620 909 Mollklanges a c e = A C e (g)? Ich freue mich, hier meine An¬
27 908 618 930 sichten über die Konsonanzfrage in schärferer Weise präzisieren zu
29 927 619 955 können, als in meiner Musikalischen Akustik, bei deren Abfassung
28 949 613 974 ich über dies höchst schwierige Problem noch nicht völlig im klaren
37 973 622 998 war. Da Stumpf sich grosse Verdienste darum erworben hat, so ist
34 993 618 1018 es nicht mehr als billig, ihm zunächst das Wort zu geben. In seiner
29 1011 619 1042 „Geschichte des Konsonanzbegriffs” (1897) kommt er zu folgenden,
28 1037 618 1059 auszugsweise hier mitgeteilten Ergebnissen: „Bereits Plato gilt die
35 1058 618 1082 Lustwirkung der Konsonanz und Unlustwirkung der Dis¬
33 1077 619 1103 sonanz nicht als Merkmal zur Definition von Konsonanz und Dissonanz
33 1102 613 1124 in sich selbst, sondern nur als eine daran geknüpfte Folge. Bei
28 1121 612 1153 Plato finden wir die Merkmale des Zusammenpassens, der einheit¬
