721 1298
375 101 406 144 22
96 147 678 182 neuen reinen Moll im Sinne der Paralleltonart, s. Fig. 34! Der
91 179 686 205 Schluss mit G7 oder G9 ist der wahre Dominantschluss des reinen
103 197 680 223 „Kleinmoll”, da diese Akkorde der Dominante der Wurzel¬
91 220 681 247 tonart C dur („Kleindur”) angehören, wogegen der von Riemann
98 243 681 268 aufgestellte reine Mollschluss mit h d f a, trotzdem er von der
98 263 680 290 Unterton-(kopfstellungs-)perspektive aus dem Auge ebenfalls als
100 285 680 308 Dominantklang (Rechtsklang) erscheint, vom Ohre dennoch als
93 307 680 331 Subdominante (Linksklang) der Fusstonart gehört wird,
98 329 686 353 was Riemann sogar selbst zugegeben hat (s. meine
96 351 678 375 Monographie § 8 am Schlusse!) Der Ausfall Riemanns S. 69 seiner
99 371 680 396 Problemschrift gegen Ary Belinfante, dem er eine „schwächliche
98 392 680 421 Logik, mit der er einen Widerspruch zwischen der Funktions¬
94 415 683 439 bezeichnung (Tonika, Dominante, Subdominante) und der dualen
93 435 678 462 Begründung der Harmonie entdeckt zu haben glaube” vorwirft, ist
94 458 685 484 hiernach durchaus unberechtigt. Der Vorwurf trifft nicht Belinfante,
100 478 683 502 sondern Riemann selbst, der, wie meine Monographie und die vor¬
96 502 681 524 liegenden Ausführungen handgreiflich beweisen, beim Aufbau seines
95 523 683 546 Mollsystems so krasse Absurditäten und Inkonsequenzen zu Tage be¬
94 543 687 570 fördert, dass der Dualismus definitiv gerichtet erscheint und mit Belin¬
99 565 681 588 ante wirklich zu bedauern ist, dass „Riemann zu einem ehrlichen
94 587 680 610 Widerruf nicht die Kraft besessen hat.” Interessierte Leser wollen
95 609 687 637 auch in meinem Teil III § 9 (die symmetrische Umkehrung) und
94 631 681 658 den ebenfalls davon handelnden, unten abgedruckten Aufsatz gegen
95 651 688 674 Prof. H. Schröder vergleichen und betreffs der reinen Molltypen
96 674 686 699 in Teil I den Anhang (Zukunftsmusik?) sowie in Teil II S. 57—63
98 694 679 723 durchlesen, wo entwickelt ist, dass eine neue Kunst der Harmonik
103 716 685 742 und Melodik geboren werden wird, wenn die vierfache Wurzel
97 737 678 764 des Mollklanges und der Molltonalität als wahre Tat¬
101 760 686 790 sache anerkannt wird und dann in der Phantasie des Komponisten
101 781 215 804 Blüten treibt.
145 809 685 849 Die Geringschätzung, die H. Riemann in seiner Problem¬
95 847 686 872 schrift gegen meine Experimente am Klavier in Teil I äussert,
105 870 688 893 veranlasst mich, der auch von andern gestellten Frage näher zu
98 892 685 913 treten, ob denn das Klavier mit seiner temperierten
98 911 685 935 Stimmung das geeignete Instrument für Experimente ist, ob diese
96 932 691 957 temperierte Stimmung überhaupt die Grundlage der musikalischen
94 955 688 981 Akustik sein kann? Ich bejahe diese Fragen aus folgenden Gründen:
140 977 691 1001 1. Am Klavier treten die akustischen Phänomene, Obertöne,
99 997 681 1021 Kombinationstöne und Schwebungen deutlich genug hervor; daher
97 1019 682 1043 haben sich Helmholtz und Stumpf nicht gescheut, auch das Klavier
98 1041 691 1064 zu akustischen Experimenten zu benutzen. Helmholtz will die
106 1062 683 1085 Wahrnehmung der Obertöne dadurch erleichtern, dass er die Tasten
104 1085 687 1111 der Töne c′ e′ g′ stumm niederdrückt, also partiell die Dämpfung
97 1106 691 1137 beseitigt, und dann den zugehörigen Grundbass (Kombinationston),
