721 1298
370 121 412 159 50
90 157 684 194 valles erzeugten Kombinations- (Differenz-)töne sind mit den Rie¬
95 187 679 214 mannschen Untertönen nicht zu verwechseln, da jene stets einer
95 209 683 238 das betr. Intervall enthaltenden Obertonreihe (Durreihe) angehören,
91 233 685 258 niemals aber einer das Intervall enthaltenden Untertonreihe (Moll¬
96 254 687 280 reihe); mit anderen Worten: das zu dem Intervall a — e des
91 273 685 298 Mollklanges dem bewaffneten Ohre hörbare tiefere a ist Grund¬
101 296 685 323 bass der A durreihe, f zu a — c Grundbass des F durklanges, c zu
93 316 405 346 c — e Grundbass des C durklanges.
145 336 687 364 Wie kann unter diesen Umständen eine Theorie Geltung be¬
96 360 680 386 anspruchen, die durch die Naturgesetze nicht zu begründen ist?
103 384 680 407 Und wie ist es möglich, dass gerade Riemann, der doch sein System
101 405 683 427 auf wissenschaftlicher Grundlage aufbauen will, trotz seines ein¬
93 426 688 454 gestandenen Irrtums an der Untertonhypothese festhält? Es gibt
94 445 686 472 nur eine Antwort: Da das Mollproblem bis heute ungelöst ist, so
94 470 680 496 würde die Aufgabe der Hypothese die Rückkehr zu einer Moll¬
98 491 686 516 auffassung bedeuten, welche die Verteidiger der unbedingten Kon¬
92 513 678 544 sonanz des Mollakkordes, eben die Dualisten, gerade vermeiden
95 534 164 562 wollen.
174 545 685 578 Wir wollen nunmehr sehen, ob — von der reellen Existenz
100 577 687 599 der Untertöne abgesehen — die Riemannsche Molltheorie in ihrer
94 599 680 627 Anwendung auf die Musikpraxis so logisch und konsequent
95 621 687 642 durchgeführt ist, dass wir über ihrem Werte ihre akustische An¬
97 641 660 674 fechtbarkeit vergessen und ihre Notwendigkeit begreifen können.
374 700 417 734 § 3.
201 729 594 762 Verhältnis zwischen Prim und Grundton.
150 761 691 796 Wie in Dur, so müssten auch bei dem gegensätzlich gleichen
103 789 689 818 Mollgeschlecht konsequent Prim und Grundton identisch sein. Und
102 813 679 838 doch hat R. ebensowenig wie die übrigen Dualisten die Schluss¬
103 835 685 863 folgerung der Identität von Prim und Grundton in Moll zu ziehen
99 859 683 883 gewagt; vielmehr betont er wiederholt ausdrücklich, dass der
107 875 680 904 Grundton des Mollklanges nicht die Prim (I), sondern die Unter¬
96 902 691 928 quinte (V) sei, „weil nur im Quintton die Prim so stark als
100 923 689 949 Oberton vertreten ist, dass er für diese als Fundament gelten,
109 944 681 969 ja sie sogar ersetzen kann.” R. warnt daher davor, den A moll¬
106 965 687 990 klang (0e) als E mollklang abzulesen (vgl. H. S. 10, 19, 31, 66).
142 985 683 1009 Auslassen dürfen wir nach R. (H. 21, 67) den Ton, welchen
105 1004 686 1033 das natürliche Phänomen der Obertöne am stärksten ergänzt, d. h. im
103 1028 589 1058 Durakkord die Quint (5), im Mollakkord die Prim (1).
141 1053 685 1081 Als gewöhnlich verdoppelter Ton ergibt sich im Mollklange
95 1069 411 1102 nach R. die Unterquinte (H. 20)
151 1091 691 1121 Wo bleibt bei diesen Lehrsätzen die von R. behauptete Gegen¬
100 1115 682 1144 sätzlichkeit des Mollklanges, da doch Grundton und Oberquint
