721 1298
318 126 361 163 33
38 173 628 207 „Ich kann's nicht fassen, nicht glauben” bei der Stelle „es hat ein
40 205 620 232 Traum mich berückt”, welche trotz der Herbheit der Dissonanzen
35 223 621 247 so berauschend wirke, dass man sich kaum von ihnen trennen
35 247 620 273 könne. „Endlich sei noch ein gewissermassen typisches Beispiel
34 270 619 295 aus „Tannhäuser” zitiert: es ist schon sehr charakteristisch und
43 292 622 315 beachtenswert, dass das Venusberg-Bacchanale, welches mehr wie
40 310 620 336 irgend ein anderes Tonstück geradezu darauf spekuliert, die Sinne
32 333 620 359 mit angenehmen Klängen zu bezaubern und wollüstig zu umstricken,
35 354 621 381 ungemein reich an scharfen Dissonanzen ist und gerade der
35 375 621 401 Höhepunkt der Sinnenlust, der betörende Gesang der Sirenen,
34 397 617 421 bringt durch drittehalb volle Takte ausgehalten die fast beispiel¬
35 418 626 441 lose Tonverbindung h e′ g′ ais′ dis′. Hennig schliesst: „Die Freude
41 440 623 464 an derartigen Tonkombinationen — nicht an ihrer Auf¬
35 462 617 487 lösung — lässt nicht selten gerade an diesen Stellen eine be¬
38 486 619 513 trächtliche Tempodehnung eintreten, auch wenn sie die Kom¬
33 505 362 535 ponisten nicht vorgeschrieben haben.”
86 526 620 556 Wenn also weder der Wohlklang noch der Mangel des Auf¬
32 546 620 573 lösungsbedürfnisses ein Merkmal der Konsonanz ist, so ist es wohl
42 571 623 595 die psychologische Tatsache der Verschmelzung? Bekannt
38 591 621 616 sind die Versuche Stumpfs an Unmusikalischen, denen er zwei Töne
39 612 619 640 zu gleicher Zeit angab, ohne sie wissen zu lassen, ob ein oder
35 635 621 662 zwei verschiedene Töne an das Ohr traten. Die Versuchspersonen
35 659 621 685 mussten jedesmal angeben, ob sie einen oder zwei Töne gehört
38 678 619 702 hatten. Die falschen Urteile, d h. die Meinung der Hörer nur
33 700 622 727 einen Ton (zufolge Verschmelzung der zwei angegebenen Töne)
39 725 619 749 zu vernehmen, führten Stumpf zur Aufstellung folgender Ver¬
34 742 621 766 schmelzungsstufen: I. Oktave, II. Quinte, III. Quarte, IV. natürliche
37 764 624 787 Terzen und Sexten, V. alle übrigen Tonkombinationen, unter denen
38 787 595 813 die natürliche Septime und der Tritonus (f—h) obenan stehen.
76 804 620 834 Konsonant sind nach Stumpf alle zu den Verschmelzungsstufen
34 830 620 854 I—IV gehörenden Tonverbindungen, dissonant alle zu der niedrigsten
40 848 625 878 Verschmelzungsstufe V zählenden Intervalle. Die Konsonanz ist um
30 874 622 895 so vollkommener, je höher die Verschmelzungsstufe steht. — Auf¬
39 892 618 919 fallend ist die Übereinstimmung dieser Stufenfolge mit der Rang¬
33 913 620 939 ordnung der Schwingungszahlen in der Obertonreihe. Der Kausal¬
31 938 625 966 zusammenhang ist unverkennbar, so dass man die Verschmelzung
34 959 619 984 eine Funktion der Schwingungsverhältnisse nennen darf.
37 981 612 1004 Sagt doch auch Stumpf: „Wir haben anzunehmen, dass beim gleich¬
34 1003 619 1028 zeitigen Erklingen oder blossen Vorstellen zweier Töne, die ein
34 1024 620 1051 relativ-einfaches Schwingungsverhältnis zu einander haben,
33 1046 620 1069 im Gehirn zwei Prozesse stattfinden, die in einer engeren Ver¬
37 1068 624 1090 knüpfung miteinander stehen, als wenn weniger einfache
29 1087 623 1116 Schwingungsverhältnisse vorliegen” (vgl. auch den oben mitgeteilten
28 1112 535 1138 Auszug aus Stumpfs Geschichte des Konsonanzbegriffes!)
74 1132 626 1166 Ich behaupte nun, auch die Tatsache der Verschmelzung gibt
