721 1298
331 98 407 162 7
56 169 643 198 Riemann nicht die Macht haben, gegen die geschlossene Phalanx
58 197 636 219 der „Monisten” sich auf die Dauer zu behaupten. Möge man doch
51 217 640 244 endlich einsehen, wie gefährlich die durch ihre scheinbare Ein¬
51 238 643 262 fachheit und Folgerichtigkeit blendende Untertontheorie für die
58 257 637 286 Musikbeflissenen ist, wie sie bei ernsthafter Durchführung jedes
50 282 641 308 gesunde musikalische Fühlen und Denken im wahren Sinne auf
56 303 632 325 den Kopf stellen muss! In seiner Problemschrift schlägt Riemann
50 324 641 347 vor, dem Elementarschüler zunächst bloss Definition und Regeln
58 347 633 371 ohne Grund vorzusetzen, die Gründe des Dualismus erst dann
50 372 640 394 nachzuholen, wenn der Schüler sich bereits in den praktischen
46 389 640 412 Schulapparat eingelebt habe. Man stelle sich nun die Qualen des
55 412 639 438 wissend gewordenen „reinen Toren” vor, wenn er die ihm ein¬
54 431 642 458 getrichterte Molldarstellung und -Setzweise als ganz unhaltbar
48 450 631 482 erkennt und doch durch die Gewöhnung an sie fortwährend be¬
47 474 139 504 irrt wird!
93 492 643 523 Da H. Riemann sich gegen meine Monographie ausgeschwiegen
53 518 643 541 hat, so sehe ich mich gezwungen, dieselbe nochmals im Rahmen
50 540 633 563 dieser Broschüre zu veröffentlichen, kann mich jedoch mit einer
46 561 634 586 auszugsweisen Darstellung begnügen, da inzwischen im Verlage von
55 583 633 604 C. F. Kahnt Nachf. Leipzig 1903 bezw. 1904 mein musiktheoretisches
52 604 634 630 Reformwerk in 3 Broschüren erschienen ist, und zwar Teil I
46 623 632 651 unter dem Titel: Die „musikalische” Akustik als Grund¬
51 648 636 674 lage der Harmonik und Melodik, Teil II: Die Freiheit
51 667 641 691 oder Unfreiheit der Töne und Intervalle als Krite¬
48 691 636 718 rium der Stimmführung, nebst einem Anhang: Grieg-
47 713 641 738 Analysen als Bestätigungsnachweis und Wegweiser
49 733 632 756 der neuen Musiktheorie, Teil III: Die Abhängigkeits¬
54 757 636 783 verhältnisse in der Musik, eine vollständige, logisch¬
53 777 635 808 einheitliche Erklärung der Probleme der Figuration,
46 798 512 824 Sequenz und symmetrischen Umkehrung.
94 818 631 845 Wenn auch H. Riemann meine Monographie übergangen hat,
45 843 639 869 so habe ich dennoch seine Problemschrift mit grosser Genugtuung
50 864 635 886 begrüsst, da sie mir neue Angriffspunkte und zugleich eine will¬
47 884 637 906 kommene Gelegenheit bot, meine Ansichten nochmals ernstlich und
46 907 631 934 eingehend zu prüfen, zu befestigen und zu klären. Dass Polak
47 931 631 952 und ich in Riemanns Aufsatz als „Monisten” (das Wort wird von
45 949 633 973 ihm stets in Gänsefüsschen gesetzt) schlecht wegkommen würden,
55 972 630 995 war vorauszusehen. Die 2—4 fache Wurzel des Mollklangs und
53 993 633 1018 die Aufstellung von Doppelklängen wird uns ironisch als Gegen¬
53 1015 635 1037 beweis des Monismus vorgehalten. Und doch geht dieser Gegen¬
49 1036 636 1059 beweis gänzlich fehl. Ob nämlich ein System monistisch oder
45 1057 636 1081 dualistisch ist, darüber entscheidet die Grundanschauung, das
50 1078 637 1102 Fundamentalprinzip. Wenn dieses unerschüttert bleibt und kon¬
46 1099 631 1123 sequent durchgeführt wird, so hört der Monismus nicht dadurch
42 1124 636 1151 auf, dass zum Systemausbau „duale” Erscheinungen mitwirken.
