721 1298
368 93 410 122 18
93 132 679 167 richtige Standpunkt ist der, anstatt der Intervallbeziehungen
93 164 682 187 die Tonbeziehungen ins Auge zu fassen, wie ja auch die Lehre
102 187 679 211 von der Klangverwandtschaft in die Lehre von den Ton¬
95 205 680 231 beziehungen sich auflöste. Für die Stimmführung nun gibt es
100 231 679 253 keine anderen Möglichkeiten der Tonbeziehungen, als die bereits
93 250 681 277 erörterten: Ruhetöne, zweiseitige und einseitige Töne, folglich
96 271 683 297 regelt sich die ganze unübersehbare Dissonanzlehre nach §§ 1, 2, 3,
94 295 678 317 ein sehr erfreuliches Resultat; denn simplex sigillum veri”. Zum
93 313 679 339 Nachweise der Richtigkeit dieser Theorie genügt es, hier auf die
98 337 678 362 Beispiele in Fig. 15, im übrigen aber auf Teil II zu verweisen.
94 358 680 383 Der Leser ist nunmehr in der Lage, in Fig. 11 überall nach sicheren
97 379 686 405 Kriterien die Stimmführung als regulär oder irregulär zu beurteilen;
101 401 685 428 z. B. ist in Fig. 11 b) der Sprung des e im zweiten Klange nach g
98 423 686 451 ebenso unregelmässig, wie er es vom C durklange allein aus sein
99 449 691 470 würde. Die reguläre Führung würde e—d oder e—f sein, da
94 463 690 490 das e im Verhältnis zum folgenden Klange zweiseitiger Ton ist.
94 487 684 514 Irregulär ist auch der Sprung des h bezw. b in Fig. 6 c) und 7 c).
143 508 691 533 Weiter ist für die Behandlung der Doppelklänge von grosser
96 531 691 554 Bedeutung folgende These in Teil II § 6: „Überhaupt ist der
99 553 685 580 Ausgangspunkt der Theorie ein ganz falscher: Nicht die Auflösung
107 573 684 599 eines dissonanten Intervalles bestimmt die Akkordfolge, sondern
102 596 686 618 umgekehrt diese die Auflösung, d. h. anstatt der Behauptung:
99 617 685 640 die Septime in g—f löst sich nach e auf, deswegen muss der G-sept¬
102 639 683 663 klang den C-Klang zur Folge haben, muss es heissen: Wenn dem
101 660 687 688 G-septklang der C-Klang folgt, löst sich die Septe nach e (oder g)
98 682 691 707 auf. Welche Klänge und mit welcher Wirkung sie sich mit
99 703 689 729 einander verbinden, darüber entscheidet nicht die Dissonanzlehre,
99 728 685 753 also nicht die Melodik, sondern die Lehre von der Klangver¬
106 743 690 770 wandtschaft und Tonalität, also die Harmonik. Erst wenn
104 767 692 794 über die Akkordfolge Entscheidung getroffen ist, tritt die Frage
110 791 460 818 der Stimmführung in den Vordergrund.”
152 811 685 834 In Teil I § 2 ist ausgeführt, dass die Prototypen der „tonischen”
105 829 691 856 Harmonik die einfachen Kadenzen M R(7) M, M L M und M L R(7) M
100 855 691 882 sind. Daraus folgt: Wenn in einem Doppelklange der Fortgang
107 876 689 901 des unteren oder oberen Akkordes die Folge M R(7), R(7) M, M L,
99 897 685 920 L M oder L R(7) darstellt, so muss der Fortgang des ganzen Doppel¬
102 919 691 945 klanges ein natürlicher sein, ohne Rücksicht zunächst auf die
103 941 692 963 Stimmführung und Dissonanzauflösung. Das erste ist daher, die
105 963 691 986 latente akustische Zusammensetzung des Doppelklanges zu be¬
111 983 695 1006 stimmen. v. Oettingen ist bereits auf dem richtigen Wege, wenn er
105 1006 691 1028 S. 242 seines Werkes von der Einfachheit der Beziehungen
104 1027 693 1050 des auflösenden Klanges zu den Klangbestandteilen der Dissonanz
103 1049 693 1077 die Leichtverständlichkeit der Auflösung der Dissonanzen abhängig
106 1071 697 1094 macht. In dieser Hinsicht wolle nunmehr der Leser nochmals die
107 1091 697 1121 bisher gebrachten Beispiele studieren, ferner die in Fig. 16—21,
