721 1298
317 113 341 151 15
29 153 621 195 dass er an der Begründung der Mollkonsonanz durch das Phänomen
32 186 625 210 der Obertöne festgehalten habe und dem Mollklang sogar
33 208 619 233 3 Grundtöne gebe. Ausserdem hat v. Oettingen S. 232 seines
32 230 617 257 Werks die Auffassung von d f a c als D + F und S. 244 die Auf¬
38 251 595 276 fassung von e g h als C + G ausdrücklich für möglich erklärt. —
31 272 621 297 Wie kann sich ferner Riemann auf O. Hostinsky als „Dualisten”
29 294 621 320 berufen, den er in seiner Geschichte der Musiktheorie S. 501 so
32 318 614 344 zitiert: „Während die Intervalle des Durdreiklangs c e g (c g, c e, e g)
29 338 621 364 sämtlich dem tonischen Dreiklang angehören, ihn also vertreten,
29 357 623 386 so setzt sich der Molldreiklang c es g aus 3 Intervallen zusammen,
33 381 620 406 deren jedes einem anderen Klange angehört: c g dem C-Klange,
30 402 619 428 es g dem Es-Klange, c es dem As-Klange.” Derselbe Hostinsky
29 425 619 449 und der vorher von Riemann ebenfalls zum Dualisten gestempelte
29 445 624 467 O. Tiersch treten S. 23 der Problemschrift plötzlich im Gefolge der
29 467 623 491 Monisten à la Helmholtz auf (?!) Die Wahrheit ist, dass sich die
31 488 621 513 von Riemann zitierte Reihe der Monisten: Helmholtz, O. Tiersch,
30 508 619 534 O. Hostinsky, G. Capellen, A. J. Polak, vermehrt um Rameau,
40 531 614 554 Hauptmann und v. Oettingen, ja um H. Riemann selbst, dass ferner
28 553 613 580 die bei weitem meisten Musiker bewusst oder unbewusst zur Fahne
37 573 626 602 des Monismus schwören, da sie alle Akkorde von unten nach oben,
27 596 246 623 also im Dursinne hören.
70 613 621 642 Das von mir organisch entwickelte und konsequent durch¬
27 638 616 667 geführte Doppelklangprinzip ist zu wertvoll, um nicht noch
31 663 620 688 etwas dabei zu verweilen. Um Riemanns Worte zu gebrauchen, so
28 681 622 706 halte ich das Doppelklangprinzip für einen der allerwichtigsten
34 704 620 730 Fortschritte der Erkenntnis, den ich im Verlaufe meiner Arbeiten
27 725 619 752 gemacht habe. Klangbau und Klangverbindungen erscheinen da¬
30 747 618 774 durch in einem ganz neuen Lichte, die Dissonanzlehre bekommt
30 768 621 794 ein neues Gepräge. Durch die folgenden Ausführungen und Bei¬
34 790 619 818 spiele hoffe ich meine Leser definitiv für das Doppelklangprinzip
34 812 149 841 zu gewinnen:
74 823 613 859 In Fig. 9 wird sicherlich ein jeder die gebrochene Akkord¬
30 855 619 878 darstellung als Folge C G F C erklären und hören. Kann nun im
27 876 614 900 Miteinander (Fig. 10) ihr Eindruck plötzlich ein anderer werden
27 900 619 922 wie im Nacheinander (Fig. 9)? Die akustische Erklärung von
26 920 612 944 c e g h d ist diese: Die Natursept b der Basis c wird durch die
32 942 618 967 stärkere Naturterz h des oberen Grundtons g, der zugleich Quinte
28 961 616 986 der Basis, also mit deren Klange organisch verbunden ist, unwirk¬
27 985 618 1011 sam gemacht, wie man sich am Klavier überzeugen kann, wenn
26 1006 621 1033 man zu den Grundbässen gross c und g als stumm niedergedrückten
28 1027 620 1054 Tasten den Akkord c′ e′ g′ h′ d″ angibt (Musikal. Akustik S. 32, 33).
30 1047 620 1072 Auf die Experimente am „Klavier” komme ich noch zurück. Weitere
27 1071 611 1094 Doppelklangbeispiele in Fig. 11! Wer nicht durch Riemanns Unter¬
35 1092 619 1117 tontheorie ganz und gar verbildet ist, kann diese Beispiele gar nicht
35 1116 619 1146 anders als so beurteilen: Der zunächst (ausser bei f) erklingende
