721 1298
295 101 325 130 57
60 140 600 177 Die gegen die reine Mollkadenz so verschiedene Wirkung der
13 170 603 198 normalen Durkadenz wird sofort verständlich, wenn man die Ver¬
21 192 516 216 wandtschaftsverhältnisse auch der letzteren darstellt (3).
61 209 607 244 In dem Mitklingen der durch den F durklang vorbereiteten
15 237 600 266 Dominantsept als akustischen (7.) Obertones des Grundtones g liegt
15 264 602 287 in der Tat die Lösung des Rätsels, dass nur die reine Durkadenz,
17 285 605 309 nicht aber auch die ihr dem Untertonprinzip nach entsprechende
19 307 607 335 reine Mollkadenz als normal verstanden wird. Natürlich trägt auch
16 328 607 352 das Herausfallen des E mollklanges aus der tonalen A mollkadenz
13 349 230 380 zu diesem Ergebnis bei.
63 366 603 402 Somit scheitert die Untertontheorie R.s nicht bloss
15 389 601 425 in ihrer Anwendung auf den Bau der drei Mollklänge,
15 421 607 446 sondern auch in ihrer Anwendung auf die organische
16 442 601 464 Verbindung dieser drei Mollklänge, ein um so wichtigeres
27 464 606 490 Resultat, als R. gerade der Kadenzparallele die grösste
22 486 331 518 Bedeutung beilegt (siehe Mod.).
47 580 584 617 II. Erweiterung der normalen Kadenzen durch
219 607 411 649 dissonante Töne.
64 646 602 693 Mit Recht behauptet R. (Kg. H. S. 198), dass in Dur die grosse
15 678 609 705 Sexte charakteristische Dissonanz bei der Unterdominante, die
21 705 611 731 kleine Septime charakteristische Dissonanz bei der Oberdominante
16 727 602 749 sei. Konsequent nimmt R. an (das. S. 200), dass in Moll charak¬
22 749 605 774 teristische Dissonanz „des der Unterdominante in Dur analog (!)
21 766 601 795 wirkenden” Gegenquintklanges die grosse Untersext und charak¬
25 789 607 818 teristische Dissonanz des schlichten Quintklanges die kleine Unter¬
21 813 116 842 septime sei.
63 836 602 866 Das spröde Verhalten dieses Gegenquintklanges (0h) und seines
25 860 606 886 Untersextakkordes ist R. nicht entgangen, indem er wiederholt auf
15 879 601 907 die Ungebräuchlichkeit dieser Gebilde hindeutet — doch wahrlich
16 904 604 930 nicht zum Nutzen seiner tonalen Molllogik; z. B. Mel. S. 169:
26 925 612 954 „Wie der Gegenquintklang so ist auch der Sextakkord desselben
16 947 601 969 im Mollsinne selten” Mod. S. 20: „Die Sexte ist bei der Durunter¬
25 969 605 995 dominante etwas so Alltägliches, dass wir die Formel „Durakkord
16 990 607 1017 mit Sexte” meist als gleichbedeutend ansehen können mit Dur¬
25 1010 611 1033 akkord als Unterdominante, z. B. g6 als Unterdominante in D dur.
26 1031 610 1057 Der Mollakkord mit Untersexte müsste folgerichtig die
25 1052 610 1082 Bedeutung des Mollakkordes als Oberdominante in Moll
24 1078 607 1106 nahe legen; derselbe ist uns aber, wie die Mollober¬
25 1099 482 1128 dominante überhaupt, durchaus ungeläufig.”
