721 1298
319 125 349 154 45
80 161 625 197 Dass in der Tat die stimmliche Selbständigkeit nicht zum Angel¬
34 194 621 216 punkt des Quintenproblems gemacht werden kann (auch mit Recht von
34 212 617 238 keinem der zitierten Schriftsteller ausser Riemann gemacht wurde),
43 233 618 257 wird bewiesen durch die Folge verminderte Quint — reine Quint
34 253 624 283 (z. B. h f — c g), welche die bisherige Theorie ebenfalls verbietet,
32 278 618 301 obwohl das erste Intervall von ganz anderer Qualität ist wie das
33 297 620 323 zweite. Man sieht ferner gar nicht ein, weshalb nur „stufen¬
28 319 621 343 weise” sich parallel bewegende Stimmen Gefahr laufen sollen,
29 340 620 367 für eine gehalten zu werden (Problemschrift), während Fig. 49 a)
31 362 627 386 mit Sprung auch nach Riemann korrekt ist (vgl. Musiktaschenbuch
34 384 625 411 S. 231). Aber selbst stufenweise Quinten lässt Riemann da¬
31 406 619 432 selbst zu, nämlich die Akkordfolgen F0 G, E D0, als „nicht ganz
32 427 624 450 so schlecht” und S. 232 Des C0, C H, A0 G, E0 F als „besser” (!).
40 450 625 475 Dass Riemann gar kein solcher „Rigorist” ist, wie er behauptet,
30 475 620 499 erhellt auch aus den von mir in Teil II zitierten Stellen seiner
29 492 625 514 Harmonielehre (S. 24—26 und 54): „Auch in Sachen der Quinten¬
40 514 622 544 parallelen denkt man jetzt milder und lässt sie durchpassieren,
28 536 621 560 so sie durch Gegenbewegung (!) oder Dissonanz verdeckt sind . . . .
37 557 627 582 Schlecht klingen an und für sich weder parallele Oktaven noch
31 579 618 606 parallele Quinten . . . Es gibt viele Fälle, wo der Satz
33 600 619 625 mit Quintenparallelen wohlklingender ist, als ohne
34 621 169 650 dieselben”(!).
73 639 619 668 Mit der Riemannschen Begründung vereinigen sich diese Zu¬
35 667 625 691 geständnisse sehr schlecht. Ausserdem schlägt sich Riemann durch
32 685 619 709 den Zusatz in seiner Problemschrift, „sofern die Töne der höheren
30 708 619 730 Stimmen als Obertöne der tieferen gehört werden können.” In
33 730 619 754 Fig. 50 a), b) werden nämlich wegen der zwischengelagerten
37 751 617 774 Intervalle die mitgehenden Grundtonquinten nicht als blosse
35 772 619 798 Obertöne (Bassverstärkungen), sondern als selbständige Stimmen
30 795 618 820 gehört, ebenso bei c), und bei d) und e) ist das a überhaupt nicht
30 816 618 843 Oberton von d, sondern d—a ist Teilklang des Nonenakkordes G9.
29 837 621 862 Folglich müssen diese Beispiele auch nach Riemann einwandfrei
28 859 623 886 sein. Fig 50 beweist zugleich die Nichtigkeit der immerfort (auch
33 884 624 910 bei Riemann) angetroffenen Behauptung, dass eine in der Quinte
34 904 498 930 mitgehende Stimme in einer anderen Tonart singe
79 913 619 949 Zum Schluss noch ein Argument für die Richtigkeit meiner
27 941 622 970 Behauptung, dass die mögliche schlechte Wirkung nicht an den
28 968 625 990 Quinten, sondern an der ungenügenden Verwandtschaft der
30 990 621 1014 Akkorde liege: der Effekt der ganztönigen Dreiklangfolgen in
32 1009 621 1034 Fig. 51 ohne Quinten- und Oktavenparallelen! Wahrlich, Riemann
31 1031 623 1058 hätte allen Grund gehabt, meine (das Parallelenproblem wirklich
30 1052 624 1086 erschöpfenden) Ausführungen ernster zu nehmen und sich gegen
29 1075 242 1108 dieselben zu verteidigen.
