721 1298
384 112 417 147 32
105 154 683 186 lichen Verschmelzung, des mathematischen Zahlenverhält¬
103 179 689 210 nisses und bestimmter Bewegungsverhältnisse; bei Aristoteles
106 203 691 226 das Merkmal des leichtfasslichen Zahlenverhältnisses und das der
99 224 686 251 Mischung, letzteres sehr in den Vordergrund tretend und eingehend
99 246 691 269 besprochen, beide mit dem der Annehmlichkeit in Verbindung ge¬
105 269 691 290 setzt. Euklid stellt die Verschmelzung der konsonanten Intervalle
107 290 689 314 als eine bekannte und zugegebene Tatsache hin, die ihm als das
100 315 689 339 primäre Kennzeichen der Konsonanz erscheint. Die pseudo-aristo¬
105 332 683 358 telischen Musikprobleme stellen den Satz auf: ‚Symphonie (Kon¬
101 354 687 382 sonanz) ist die Verschmelzung von Klängen, die in leichtverständ¬
99 376 691 399 lichem Verhältnis zueinander stehen’, und kennen die 3 Konsonanzen:
102 396 692 420 Oktav, Quinte und Quarte, handeln aber öfters von den besonderen
103 418 691 442 Eigenschaften der Oktave (Verschmelzung bis zur scheinbaren Ein¬
106 438 262 467 heit des Klanges).”
147 458 685 488 Dass zunächst der „Wohlklang” nicht das Kennzeichen der
100 483 692 506 Konsonanz ist, bezeugt Stumpf selbst in seiner Tonpsychologie II
99 501 688 527 S. 141 mit den Worten: „Das angenehmste Intervall ist nicht das
103 527 692 553 stärkst verschmelzende” (die Oktave, Quinte und Quarte). Ander¬
103 549 687 577 seits kann die Auflösungstendenz nicht zum Merkmal der
105 570 686 595 Dissonanz erhoben werden. Dazu Stumpf I S. 14: „Das sog.
108 594 687 616 Auflösungsbestreben eines dissonanten Akkordes ist nur für den
102 611 687 634 vorhanden, der bereits konsonante Akkorde im Anschluss an jenen
101 634 693 662 früher gehört und im Gedächtnis behalten hat. Unmusikalische,
106 655 687 678 doch scharf hörende Personen bemerken von solcher Auflösungs¬
102 673 685 700 tendenz bei aller Aufmerksamkeit nichts.” Dass das Auflösungs¬
102 698 691 723 bedürfnis der Dissonanz nicht deren Kennzeichen ist, bestätigen
109 719 687 746 meine Ausführungen zu Fig. 15 und erhellt aus der Veränderung,
110 742 691 764 welche die ästhetische Würdigung der Dissonanz im Laufe der
105 763 691 785 Zeit durchgemacht hat. Helmholtz betrachtet die Dissonanz noch
108 785 691 811 als nur negativ, als Ausnahme der Konsonanz; sie ist ihm in
103 806 691 830 ästhetischer Hinsicht nur ein Mittel des Kontrastes, um den Ein¬
101 827 692 852 druck der Konsonanz hervorzuheben, um den Eindruck des Vor¬
108 853 692 876 wärtstreibens in der musikalischen Bewegung zu verstärken, „indem
107 870 685 894 das von Dissonanzen gequälte Ohr sich nach dem ruhigen Dahin¬
105 890 693 918 fliessen des Stromes der Töne in reinen Konsonanzen zurücksehnt”.
99 915 686 938 Dissonanzen sind ihm so nur als Durchgangspunkte für Konsonanzen
102 940 695 962 erlaubt, sie haben kein selbständiges Recht auf Existenz
106 956 694 983 (Tonempf. S. 505, 534). Nach v. Oettingen ist dagegen nicht
105 979 687 1006 bloss die Auflösung, sondern auch die Dissonanz selbst von
100 999 688 1022 ästhetischer Bedeutung und wohltuender Wirkung (Harmoniesystem
108 1023 689 1050 S. 247). Mit Recht geht Hennig („Charakteristik der Tonarten”
109 1043 688 1066 1897) noch weiter, wenn er meint, dass Dissonanzen, wenn sie
105 1066 685 1090 gut vorbereitet sind, zuweilen weit angenehmer in Ohr und Sinn
103 1086 691 1111 fallen, als ihre nachherige Auflösung (S. 40). Hennig führt als
105 1107 690 1139 Beispiele an die langgehaltene Dissonanzfolge in Schumanns Liede
