721 1298
380 123 412 159 78
108 165 685 197 wendung gekommen und einige dieser Sechs- oder Siebenklänge
105 190 693 213 in ihrer Wirkung durchaus nicht härter als mancher bekannte
113 213 691 236 Vier- oder Fünfklang sind” (S. 51, 73). Stets ist aber daran fest¬
109 234 688 258 zuhalten, dass alle Nonen- und Doppelakkorde ihr Dasein niemals
104 256 692 280 der symmetrischen Umkehrung verdanken, sondern ihre Recht¬
107 277 691 302 fertigung im Grundbasssystem finden, wie auch harmonische Ab¬
102 299 691 323 sonderlichkeiten niemals dadurch Bürgerrecht erlangen, dass sie
107 320 691 345 durch Umkehrung einer unauffälligen Akkordverbindung entstehen,
112 341 687 367 sondern durch ihre Unanfechtbarkeit bei Beurteilung der Kopf¬
108 364 485 387 stellung von der Grundbassperspektive aus.
155 380 697 410 Beiläufig bemerkt, sollte es bei unserer fortgeschrittenen
102 405 696 431 harmonischen Erkenntnis nicht mehr vorkommen, dass ein Theoretiker
106 427 691 450 die Akkordfolgen $$GRAPHIC und $$GRAPHIC als regelmässige
112 449 387 475 Auflösungen erklärt (S. 60, 61).
155 468 696 496 Dass auch die alten Kirchentonarten (Äolisch, Phrygisch,
107 486 691 518 Dorisch) im Grundbasssinne zu verstehen, dass Lydisch und Mixo¬
106 515 694 542 lydisch als moderne Nebentonarten nicht existenzberechtigt, dass
107 536 691 563 die Benennungen Durmoll und Molldur im bisherigen Sinne ver¬
112 558 691 585 fehlt sind, dass endlich auch für die Konstruktion und Recht¬
113 573 697 604 schreibung der chromatischen Tonleitern der Paralleltonarten die
106 602 692 627 symmetrische Umkehrung überflüssig ist, alles dieses ist in meiner
113 621 697 648 „musikalischen Akustik” nicht nur behauptet, sondern auch wissen¬
115 643 691 669 schaftlich nachgewiesen. Daselbst ist auch die Frage behandelt,
116 664 667 688 wie die — auch von Schröder mit Recht warm befürwortete —
112 685 691 712 Rekonstruktion der Kirchentonarten im modernen, d. h. harmonisch-
115 708 534 734 tonalen Sinne zu geschehen hat (vgl. o. S. 69).
182 725 697 757 — Zum Schluss sei mir noch gestattet, auf einen neuen Weg
112 748 697 777 hinzuweisen, mittels dessen beliebige Dursätze sofort als reine
116 769 692 796 Mollsätze im Grundbasssinne (anstatt im Untertonsinne) — ab¬
113 791 697 818 lesbar sind: Ein und dieselbe, im Violinschlüssel notierte Durton¬
115 819 698 843 leiter wird bei Ablesung im Bassschlüssel und mit gleichnamigen
117 838 699 861 Tonartvorzeichen zur phrygischen Mollskala! An Stelle der dua¬
113 857 691 884 listischen Auffassung tritt hier die monistische, d. h. die Stellung
112 880 691 906 der beiden Dominanten zur Tonika bleibt unverändert, der Do¬
118 905 699 931 ninantdreiklang ist ein verminderter, der Dominantseptklang ein
112 923 692 953 kleiner Septimenakkord. Die Schlüsse h f h d — e g h e und
111 944 692 970 h f a d — e g h e in E moll sind sehr wohl möglich, zumal da
113 971 694 993 wegen der akustischen Vorherrschaft von Dur statt des schliessenden
114 988 701 1010 E mollklanges auch der E durklang stehen kann. Im Sinne der
116 1009 691 1034 Ursprungstonart C dur und der an der Mollgestaltung mit be¬
118 1029 695 1055 teiligten Basistonart E dur ist die Metamorphose des chroma¬
111 1051 696 1079 tischen „Violin-Dur” in ein chromatisches „Bassmoll” unmöglich,
119 1074 692 1097 wie man sofort erkennen wird, wenn man den Violinschlüssel der
112 1095 698 1121 chromatisch notierten C durskala durch den Bassschlüssel ersetzt.
117 1117 696 1150 Die an sich denkbare Erhöhung der kleinen Sekunde würde das
