721 1298
305 94 350 132 73
70 341 622 367 In beiden Fällen wird die C durtonleiter in die entgegen¬
41 362 619 390 gesetzte Richtung gebracht; aber während bei der inversio simplex
30 387 622 411 mit Opferung der relativen Intervallgleichheit, Tonart und Ton¬
38 406 617 432 geschlecht unverändert bleiben, wird bei der inversio stricta die
38 429 621 459 Identität der Tonart und des Tongeschlechtes der beziehungs¬
31 451 400 478 weisen Gleichheit der Intervalle geopfert.
81 469 618 502 Hat nun der Verfasser wirklich stichhaltige Beweise für die
32 493 628 521 Berechtigung des Dualismus erbracht? Mit nichten; vielmehr ist
35 515 618 539 das ganze Buch eine einzige grosse Anklage gegen denselben.
39 537 622 566 Folgende Stellen mögen zur Erhärtung dieser Behauptung dienen:
76 556 624 585 S. 35: „Um das Prinzip streng durchzuführen, müsste auch
32 581 622 603 unser Gehör verkehrt auffassen lernen, gleichwie beim Sehen aus
37 600 618 627 der Vogelperspektive. Hier würde man aber einen aus Dur um¬
38 620 619 648 gekehrten Molldreiklang wieder als Durdreiklang erkennen. Dass
33 644 614 674 dies für die Praxis unhaltbar ist, wird man zugeben müssen . . .”
73 666 623 690 S. 36: „Wenn auch die symmetrische Umkehrung Intervalle
34 692 623 714 und Akkorde in der Gegenrichtung gestaltet, so werden diese doch
37 712 621 739 wie bisher nur von unten nach oben bezeichnet und berechnet.”
76 732 625 759 S. 46: „In Schlusskadenzen, welche symmetrisch umgekehrt
38 755 617 782 werden sollen, ist, um der üblichen guten Schreibweise zu genügen,
37 775 615 798 ebensowenig die Oktav- als die Terzlage zulässig, weil aus
34 795 627 820 jener ein Quartsextakkord- und aus dieser ein Sextakkord-Schluss
39 818 161 845 werden würde.”
80 831 625 867 S. 55: „Daher ist nicht jeder beliebige Satz für die
31 859 625 890 symmetrische Umkehrung geeignet, sondern er muss grösstenteils
35 885 574 913 erst hierfür mit doppelter Vorsicht eingerichtet werden.”
74 902 616 932 S. 57: „Entweder muss der Schlussakkord in der Quintlage
27 925 614 950 stehen, damit in der symmetrischen Umkehrung ein Stammakkord
30 947 624 970 in gleicher Lage daraus wird, oder es muss ein kurzer ergänzender
31 970 487 994 Schluss (Komplementär-Schluss) angefügt werden.”
78 985 623 1018 S. 79: „Selten findet man Originalsätze, welche sich ohne
28 1008 483 1042 jegliche Veränderung vollkommen umkehren lassen.”
107 1029 621 1060 — Wäre die symmetrische Umkehrung eines Satzes wirklich,
29 1057 617 1086 wie Verfasser behauptet, ein „Natur-Spiegelbild” ein „Negativ”,
38 1077 619 1104 eine „Kehr- und Schattenseite”, so müsste die Identität mit dem
37 1100 623 1126 Original, ohne dass Änderungen und Ergänzungen nötig sind, vom
