721 1298
370 116 404 154 26
95 148 684 189 töne eingestimmten Saiten ebenso die Natürlichkeit einer
90 187 679 208 grossen Zahl von andern Zusammenklängen, z. B. des Akkordes
88 210 673 241 7:9:11:13 = b′ d″ (♯)f″ (♭)a” zum grossen c „beweisen” könne
121 226 339 255 — in sich selbst zusammen.
142 245 679 273 Vielleicht habe ich mehr Erfolg, wenn ich Riemann einen
93 270 674 296 auffälligen Widerspruch in seiner Problemschrift nachweise. Riemann
92 293 676 315 tut sich nämlich was darauf zugute, sich „endlich ganz von der
88 315 678 337 Begründung der Prinzipien der Harmonie und Konsonanz durch
94 335 676 361 die akustischen Phänomene freigemacht zu haben”. Wie reimt sich
91 359 677 380 aber damit, dass er die Abhängigkeit der Tonvorstellungen von den
93 378 675 404 Tonschwingungen ausser Zweifel stellt (s. o.) und überall, sogar
97 398 681 425 beim Mollklange, den er doch abwärts bildet, auf die
99 422 675 449 Obertöne zurückgreift, „deren objektive Existenz durch kein
92 443 673 468 Räsonnement wegzuleugnen ist” (S. 67, 68)? Er bedarf der Heran¬
93 464 681 490 ziehung der Obertöne, um das Grundtonproblem des Mollklanges
92 489 683 513 zu lösen, sieht aber nicht, dass dadurch sein Untertonprinzip
97 508 674 532 vollständig in die Brüche geht; denn wenn das „musikalische”
94 526 675 555 Hören tatsächlich fortgesetzt ein auswählendes, Ordnung und
88 551 683 576 Konsequenz aufsuchendes, psychisch-aktives ist und demgemäss
87 572 685 597 die Obertöne zu überhören, zu ignorieren vermag, so ist absolut
89 597 683 622 unverständlich, weshalb das Ohr nicht ebenso wie das Auge die
88 616 680 641 Symmetrie, welche in der gegensätzlichen Gleichheit des Dur- und
93 637 678 662 Mollklanges liegt, auffasst, weshalb nicht in dem Hören des Klanges
97 659 686 683 von oben nach unten die psychische Aktivität sich kundgibt,
97 681 679 704 ohne die dem Untertonstandpunkt doch ganz fernliegenden
95 703 679 724 Obertöne zu Hilfe zu nehmen, weshalb der Mollklang nicht
95 724 679 748 ebenfalls als ein nur in der Richtung (nicht auch in der Art)
93 743 680 771 verschiedener Durklang vernommen wird. In Fig. 36 a) bleibt
97 766 678 789 das c auch ohne den Dreiklang Prim, nicht aber bei b), wird hier
94 788 685 813 vielmehr als Quinte gehört, obwohl doch der vorher vernommene
95 809 678 836 „C-Unterklang” (= F mollklang) die Primbedeutung des c sichern
96 834 679 858 sollte. Dass stets der Grundton als tiefster Akkordton Träger des
90 851 685 880 Klanges ist, dass wir also von unten nach oben hören, beweist
95 876 679 901 auch Fig. 37, wo das c nicht im Untertonsinne nach f springend
95 895 685 921 vernommen wird, sondern das f weiterhin Träger der Tonhöhe im
101 918 678 940 Obertonsinne bleibt (vgl. Stumpf, Tonpsychologie § 25). Dass der
91 939 686 965 Molldreiklang abwärts leichter zu singen ist als aufwärts, ist
93 964 684 989 nur eine scheinbare Ausnahme; denn in A C e (g) steht das C als
93 985 685 1010 neuer Grundton nicht in direkter Beziehung zur Basis A, sondern
93 1002 680 1029 nur mittels des Quintschrittes A—e und Terzschrittes C—e. Es
92 1022 684 1049 bedarf also gar nicht der Untertontheorie zur Erklärung dieser
98 1047 674 1072 Tatsache. Auch Riemanns Zurückgreifen auf die absteigend ge¬
99 1071 681 1094 brauchten Tonleitern bei den Arabern und alten Griechen ist für
94 1090 678 1114 die Auffassung des Mollakkords belanglos, da die Orientalen noch
94 1109 679 1142 jetzt vorwiegend einstimmig musizieren, jedenfalls die Har¬
