721 1298
313 132 346 174 35
31 173 621 213 Entwicklung unserer musikalischen Erkenntnis wirke, als es bei den
26 208 619 232 Griechen mit Verkennung der Konsonanz der grossen Terz der
33 229 620 257 Fall war.” Bereits Mersenne hatte 1636 in seiner Harmonie uni¬
33 252 612 275 verselle I S. 58 erklärt, dass die Gewöhnung wohl auch dahin
29 273 620 299 führen könne, die Verhältnisse 6:7, 7:8 konsonant zu finden,
28 293 615 322 und bei Kirnberger und Gottfried Weber rangiert der verminderte
28 315 612 340 Dreiklang ohne weiteres mit unter den Konsonanzen (Riemann,
27 337 614 361 Gesch. der Musiktheorie S. 479, 491). Marx hält angesichts der
28 358 620 382 stetigen Progression 1:2:3:4:5:6:7 . . . die Feststellung
31 379 613 403 der Grenze der Konsonanz für willkürlich („Die alte Musiklehre”
30 396 138 433 1841 S. 81).
73 409 617 449 Diese Zitate mögen genügen, um den Leser zu überzeugen,
29 444 615 468 dass auch die Verschmelzung keinen absolut gültigen Massstab für
28 466 619 491 die Konsonanzfrage bietet. Wenn die Griechen nur Oktave, Quint
31 491 619 517 und Quarte als Konsonanzen anerkannten, wenn dann im Mittel¬
24 508 612 535 alter erst allmählich der Konsonanzwert auch der Terzen und
27 529 612 557 Sexten sich festsetzte, so beweist schon diese geschichtliche Ent¬
32 553 619 578 wicklung, dass zwischen Konsonanz und Dissonanz kein
23 573 613 595 absoluter, prinzipieller, sondern nur ein relativer,
33 596 621 620 konventioneller Unterschied besteht. Wie sehr hat sich
32 613 613 640 doch gegen früher der Gefühlseindruck der natürlichen Septime
25 639 613 666 und None verändert, wie frei ist ihre Behandlung in Ein- und
26 660 619 684 Fortführung geworden! Wäre es also zu verwundern, wenn all¬
25 682 617 707 mählich auch diese Intervalle und nach dem auf dem Identitäts¬
27 703 614 732 eindruck der Oktavtöne beruhenden „Erweiterungsgesetze” Stumpfs
32 724 619 748 auch ihre Umkehrungen (die grosse Sekunde) Konsonanzkraft er¬
27 747 619 771 hielten, ebenso wie der Tritonus (die verminderte Quinte)? Alle
33 768 614 794 diese Intervalle bleiben innerhalb der Reihe der einfachen Ober¬
26 790 618 813 tonzahlen von 1—10, ein Umstand, der besonders für ihre
27 809 615 836 Konsonanzfähigkeit ins Gewicht fällt (vgl. oben Plato und Aristoteles
26 833 619 857 sowie Stumpf und das Eulersche Gesetz, dass die menschliche
34 855 614 882 Seele ein besonderes Wohlgefallen an einfachen Verhältnissen habe).
34 876 611 900 Am besten dürfte daher folgende Rangordnung der Intervalle ihrem
25 897 559 919 gegenwärtigen und zukünftigen Konsonanzwert entsprechen:
72 918 612 943 I. Konsonanzen: Einklang und Oktave, reine Quinte und
35 942 611 968 Quarte (als Umkehrung der Quinte), grosse und kleine Terzen und
35 962 612 986 Sexten. Die Oktave hebt sich wegen der Verschmelzung ihrer Töne
34 986 613 1010 bis zur Identität (zum Einklang) besonders aus dieser Reihe heraus,
27 1010 621 1031 man könnte sie und den Einklang als „Unisonanzen” in einer
26 1026 620 1049 besonderen Gruppe voranstellen. Auch Quinte und Quarte sind gegen
37 1049 619 1073 Verstimmungen noch sehr empfindlich, weniger Terzen und Sexten.
75 1070 615 1097 II. „Kondissonanzen”: Kleine Septime, verminderte Quinte
34 1092 619 1115 und übermässige Quarte (Tritonus), grosse Sekunde und None.
34 1113 613 1138 „Kon-Dissonanzen” nenne ich diese Intervalle, weil sie, wie ich be¬
30 1136 619 1166 weisen werde, auch heute schon unter besonderen Umständen als
