721 1298
375 104 399 145 12
88 145 675 181 Doch wird ein dissonanter Akkord, wie wir wissen, stets nur im
93 181 675 203 Sinne eines Klanges aufgefasst, d. h. also, der zweite Klang kommt
87 201 674 227 zwar für die physiologische Klangwirkung (als besondere Milderung
97 223 677 251 der Dissonanz), aber nicht für die Auffassung der Klangbedeutung
87 243 676 269 zur Geltung.” S. 73: „Die Sexten der Sextakkorde beanspruchen
87 266 677 289 nicht einmal sekundweise Weiterführung, was vielleicht darauf
89 287 678 314 zurückzuführen ist, dass ihre Eigenschaft, den Terzwechselklang
97 308 679 332 (hier a c e) zu repräsentieren, nicht ganz unbemerkt bleibt, be¬
92 330 673 354 sonders bei den Dursextakkorden” (!). S. 89 Anm.: „Nur die Sexte
87 353 680 379 beim Durakkord (a in C6) kann gelegentlich im vierstimmigen Satze
94 373 679 400 verdoppelt werden; dieselbe ist der Grundton des Mollakkordes,
89 395 680 419 in dessen Sinne der Akkord auch verstanden werden kann” (!).
88 417 681 442 Aber auch in A moll ist Riemanns Hinneigung zu A C e (g) gar
89 442 680 462 nicht zu verkennen; denn in seiner Problemschrift sagt er S. 68:
95 460 683 483 „Es ergibt sich also sehr einfach, dass die Verlegung von A in den
95 480 674 504 Bass die deutlichste, die störenden Obertöne am wenigsten fühlbar
93 504 675 529 machende Lage des Akkordes ist, da das als starker Hauptton
93 524 680 552 gegebene c selbst in den Fällen, wo es in unmittelbare Nachbar¬
86 546 673 571 schaft mit dem 5. Oberton von A (cis) kommen sollte, diesen zufolge
94 566 677 590 der meist nicht allzugrossen Stärke desselben siegreich über¬
89 588 683 610 windet, ihn überhören macht, s. Fig. 2!” Der Leser bedenke:
90 609 674 632 Der tiefste Ton, das a in a c e, gilt Riemann wie allen Dualisten
95 630 675 654 (trotz der Untertontheorie!) in A moll als Grundton. (Mehr über
89 651 672 680 dieses entscheidende Zugeständnis an das Durprinzip in meiner
94 674 675 698 Monographie § 3!) Wenn nun das c von Riemann als „Hauptton”
97 696 674 721 erklärt wird, der die Kraft hat, die Basisterz cis siegreich zu über¬
88 717 673 741 winden, so ist dieses c doch dem a an Bedeutung ebenbürtig, also
97 739 681 762 ebenfalls Grundton. Um diese „monistische” Analyse des Moll¬
93 764 676 788 klanges kommt Riemann nicht herum, er mag sich stellen wie er
88 783 675 806 will. Es ist fast ergötzlich, die analogen Äusserungen in meinem
93 804 673 829 Teil I zu hören. Es heisst dort S. 138: „wogegen das c als Grund¬
97 825 679 851 ton in a c e g dieses cis leicht überwindet”, ferner S. 56: „Der
90 845 673 869 A mollklang erweist sich also als Doppelklang mit den Dur¬
92 870 679 895 grundtönen A und C, welche sich derart in die Klangherrschaft
88 892 674 918 teilen, dass der Oberton cis″ (die Terz des Grundbasses A) nicht
89 910 317 939 zur Wirksamkeit kommt.”
134 927 675 958 Weiter ist auch Riemann die mögliche Deutung von z. B.
88 955 679 978 e g h als c e g h nicht entgangen. In der „Kurzgefassten Harmonie¬
88 976 676 1002 lehre” (im Musiktaschenbuch, erschienen bei Steingräber in Leipzig),
97 998 679 1020 ebenso in seiner „Modulationslehre” (Hamburg 1887) bemerkt Rie¬
87 1019 680 1044 mann: „Der in der C durtonart heimische E mollakkord ist im Sinne
94 1042 673 1065 von c7< (mit ausgelassenem Grundtone) eine zwischen Tonika und
94 1063 681 1087 Unterdominante gehörige Harmonie” (!). Es ist merkwürdig, dass
94 1085 676 1107 Riemann die Unnatur der üblichen Notierung des h in c e g h als
91 1107 675 1135 erhöhter Septime nicht erkannt hat. Das h ist in C dur doch
