721 1298
364 100 414 147 56
137 257 681 295 2. Der F durklang in der C durkadenz ist in der Tat Konflikts¬
83 290 681 316 akkord, er kann sowohl als Unterdominante wie als Tonika ver¬
89 306 680 343 standen werden; der E mollklang in der A mollkadenz wird dagegen
87 325 462 363 unzweideutig als Tonika empfunden.
133 340 676 381 3. Nach dem immer wieder zu betonenden Prinzip der gegen¬
91 368 679 400 sätzlichen Gleichheit müsste die Klangfolge in den beiden reinen
86 399 676 428 Kadenzen eine ganz gleiche Wirkung machen. Ist dies wirklich
90 417 283 448 der Fall? Man höre:
132 601 681 641 Ich glaube, jeder wird mir darin beistimmen, dass diese von
90 635 678 665 R. als natürlich bezeichnete tonale Mollfolge mit der als durchaus
85 662 681 685 normal empfundenen tonalen Durkadenz gar nicht verglichen werden
97 683 684 709 kann! In Wahrheit entspricht der „normalen” Mollkadenz R.s nicht
95 704 678 733 die Durkadenz c+ — f+ — g+ — c+, sondern c+ — g+ — f+
84 724 677 750 — c+, wegen der durchaus gleichen Wirkung, welche wiederum
90 747 681 770 auf der gleichen Verwandtschaft der einander folgenden Klänge
88 770 677 794 beruht (Grundelemente der Verwandtschaft sind Ruhe- und Leit¬
85 787 609 824 töne, worauf hier nicht näher eingegangen werden kann).
