721 1298
382 115 415 151 52
106 150 683 192 von R. als 0a2> notiert, d. h. als a Unterklang mit Vorhalt der
104 187 685 211 kleinen Obersekunde vor der Mollprim aufgefasst. „Wir wissen
103 209 687 232 nun auch, warum die Stellung der Terz dieses scheinbaren b+ in
105 231 691 253 den Bass und noch obendrein ihre Verdoppelung so beliebt ist:
98 251 679 282 Diese scheinbare Terz ist ja der Grundton der Harmonie (V in 0a)”
129 273 415 310 — H. S 97, Kg. H. S. 215, 216.
145 428 690 458 Welch' scheussliche Zwitterbildung! d ist Grundton, also
102 454 693 481 erster Oberton, gilt aber dennoch als Unterquinte, b ist erniedrigter
107 479 689 501 Oberton, wird aber nicht, wie sonst die Obertöne, auf den Grund¬
100 499 689 529 ton bezogen (als kleine Sexte), sondern auf den ersten Unterton!
375 549 425 590 § 4.
225 582 578 626 Verhältnis zwischen Prim und Terz.
147 625 691 657 Wenn Prim und Quint im dualistischen Klangsystem R.s eine
105 653 692 682 höchst zweideutige, wenig beneidenswerte Rolle spielen, so sollte
101 678 683 704 man meinen, dass doch wenigstens die Terz im Reiche der Ober-
102 698 687 726 und Untertöne eine sichere unabhängige Existenz führe, da die
112 719 695 742 Terz bei beiden Geschlechtern der charakteristische, unterscheidende
104 740 685 763 Ton ist. Da höre man nun folgende, hier zusammengestellt
108 762 691 785 Ausserungen R.s, welche gar nicht misszuverstehen sind! Mod. S. 33:
111 783 690 809 „Wir wollen nicht unterlassen, an dieser Stelle zwei melodische
106 797 691 827 Umgestaltungen der Unterdominante zu berücksichtigen, durch
105 829 691 853 welche scheinbar zwei neue Durharmonien in die Molltonart
114 848 691 872 eingeführt werden. Die eine ist die Erhöhung der Terz des Unter¬
111 869 691 897 dominantakkordes als melodischer Untersekunde der Terz der Dur¬
106 892 240 914 oberdominante.
157 906 689 942 H. S. 60: Neue Harmonieschritte entstehen dadurch nicht,
105 933 695 957 wohl aber neue Harmoniewirkungen, die darauf basieren, dass die
112 956 691 980 (konsonanten) Bildungen (d+ und 0fis) eigentlich dissonante
105 977 265 1030 sind (fis = $$GRAPHIC).”
151 1020 692 1051 H. S. 91: „Einzig die Einführung der kleinen Terz statt der
110 1045 691 1073 grossen und umgekehrt kann Zweifel erregen, ob es nicht einfacher,
112 1068 697 1091 sogleich den Akkord umzudeuten und im Sinne des gegenteiligen
115 1090 696 1115 Klanggeschlechtes zu fassen, nämlich c es g als 0g statt als c3> und
112 1113 699 1143 a cis e als a+ statt als eIII<. Der Quintwechsel ist in der Tat
