721 1298
320 115 353 154 41
40 153 625 189 Merkwürdig, dass hier die tonale Triebkraft der Dominante versagt,
40 187 623 214 wo doch das vorausgehörte d leicht auch im Schlussklange (als
39 208 624 233 Obertonseptime) wahrgenommen wird, so dass derselbe von der
40 226 631 256 bisherigen Theorie als dissonant erklärt werden müsste! Und doch
35 251 622 275 ist die Wirkung eine konsonante, sogar wenn dieses d wirklich
41 273 620 302 ertönt, wie bei b). Noch ein Beispiel aus meiner „Exotischen Moll¬
34 300 631 319 musik” (Heft II), Fig. 45 c)! Man kann also nicht umhin, auch
33 314 619 337 dem Durseptimenakkord unter Umständen Schlussfähigkeit,
39 337 622 370 Konsonanz zuzusprechen, ebenso wie dem Durnonenakkord (s. Fig. 43).
76 361 630 385 Durch die neue Konsonanztheorie wird ferner die Frage der
41 381 618 410 Schlussfähigkeit der Terz- und Quintlage des Dur- und Moll¬
33 403 620 430 klangs entschieden. Nächst der Oktave ist die Duodezime (Quinte)
41 429 630 454 der stärkste Oberton, der auch ohne besondere Aufmerksamkeit
33 451 620 473 und Übung sich leicht der Wahrnehmung aufdrängt, falls der Bass¬
34 469 631 497 ton in der tieferen Region angeschlagen wird. Demnach muss beim
40 491 619 515 Durklange die Terzlage E e′ g′ c″ dissonanter sein als die Quint¬
34 514 630 542 lage G e′ g′ c″; denn der Oberton (die Duodezime) h dieses E bildet
35 535 621 561 mit c″ eine „Dissonanz”, wogegen in der Quintlage G e′ g′ c” das d′
47 555 623 582 (Duodezime von G) mit dem e′ und c″ nur eine „Kondissonanz″
35 579 623 601 bildet. Umgekehrt ist in Moll unter gleichen Umständen die Terz¬
33 599 623 624 lage c e a konsonanter als die Quintlage e a c, aus denselben
40 621 118 653 Gründen.
76 641 630 668 Wie steht es aber mit dem übermässigen Dreiklange
37 669 628 693 c e gis? Man hat sich den Kopf darüber zerbrochen, wie bei
39 689 629 721 temperierter Stimmung der Komplex der konsonanten Intervalle
33 722 621 754 c—e, e—gis, $$GRAPHIC einen dissonanten Totaleffekt erzeugen kann?
35 752 627 786 Die richtige Antwort ist folgende: Der übermässige Dreiklang kann
34 785 631 811 entweder als einfacher alterierter Klang C e ♯g — analog dem
35 803 632 826 Mollklange A ♮cis e — oder als Doppelklang C E gis (h) — analog
41 824 631 851 A C e (g) — verstanden werden. Als einfacher Klang ist C e ♯g
32 848 622 871 ebenso wie A ♮cis e dissonant, wegen der Dissonanz des gis bezw. c
33 868 629 893 gegen den Oberton g (Quinte von C) bezw. cis (Terz von A). Als
34 892 623 913 Doppelklang ist c e gis = C E gis (h) ebenfalls dissonant, wegen
38 913 621 938 der grossen Septime c—h, wogegen A C e (g) wegen der kleinen
41 932 623 957 Septime a—g konsonant ist. Dazu kommt die unvollkommene
39 955 620 985 Kongruenz der Doppelklänge, wie sie im Gegensatz zum Mollklange
32 976 339 1009 aus folgender Darstellung erhellt:
38 1069 619 1096 Dass aber dem Doppelklange C E gis (h) in jeder Akkordgruppie¬
38 1093 626 1120 rung und in jedem tonalen Zusammenhange die Schlussfähigkeit
34 1117 631 1138 (Konsonanz) abgesprochen werden muss, möchte ich im Anschluss
