721 1298
379 116 421 152 30
107 148 691 191 Loslassen der C-Taste auch das g′ sofort verschwindet. Ebenso
106 188 687 215 wie g′ würden die ganz oder teilweise angeschlagenen Klänge
100 207 686 232 c′ e′ g’, c′ e′ g′ b′ oder c′ e′ g′ b′ d′ als Obertonkomplexe zum
100 232 686 255 stummen C fortklingen. Dagegen würden z. B. es′, fis′ oder as′
99 251 691 274 nicht forttönen, weil sie eben keine Obertöne von C sind. Immer
100 273 691 298 werden angeschlagene Nicht-Obertöne mittels der Klavierresonanz
99 293 685 318 nur Obertöne des stummen Grundbasses hervorbringen. Wenn
104 317 682 340 z. B. zu dem stummen C die Klänge h dis′ fis a′ oder des′ f′ as′ ces′
106 334 691 362 kurz angeschlagen werden, so setzen sich diese hörbar in den be¬
98 359 685 384 nachbarten C-Septimenakkord um. Die Macht des Grundbasses
99 381 690 403 äussert sich auch darin, dass er angeschlagene Obertöne, die nicht
103 401 686 426 der Oktavhöhe der Obertonreihe entsprechen, in die richtige Lage
101 423 692 445 versetzt. Man gebe z. B. zum stummen C das kleine e oder b oder
107 444 693 471 e—b gleichzeitig an; dann wird man nicht diese Töne, sondern
107 465 214 493 e′, b′ hören.
143 477 690 512 Das Resonanzexperiment bestätigt, wie ich in der Musikalischen
101 502 691 534 Akustik § 7 nachgewiesen habe, die monistische Molltheorie in
101 531 693 557 glänzender Weise: Zum stummen A tönt der kurz angeschlagene
106 553 690 578 A mollklang a′ c″ e′ nur mit der Quinte a′—e″ fort, während das
101 574 693 598 zunächst gehörte c″ sich ruckweise in cis″, die Obertonterz von A,
100 595 687 618 umsetzt. Schlägt man auch den Grundbass A mit an, so wird
98 617 689 641 das cis′ so verstärkt, dass ein geübtes Ohr bei längerem Aushalten
103 638 691 666 des Akkordes die durch c″ contra cis′ bewirkten Schwebungen,
100 660 685 683 d. h. ein Auf- und Abwogen der Terzen, wohl zu vernehmen ver¬
104 683 687 710 mag. Ein Loslassen der c″-Taste macht diesen Schwebungen sofort
98 703 685 727 ein Ende, indem nunmehr cis″ allein mitklingt und so die Ruhe
105 725 693 749 des Durklanges als Naturharmonie wieder hergestellt wird. Um
107 746 686 773 sich zu überzeugen, dass diese Experimente Allgemeingültigkeit
99 768 691 802 besitzen, mache man sie auch mit anderen Molldreiklängen und
99 789 319 818 zugehörigen Grundbässen.
142 801 688 835 Gibt man dagegen zu den beiden stummen Grundbässen A und
98 830 685 855 klein c den Mollklang a′ c″ e″ kurz an, so triumphiert der stärkere
105 855 686 876 Oberton c″ als Oktave über die schwächere Basisterz cis″, der
102 874 684 900 Nachklang ist also jetzt a′ c″ e″ (1). Damit ist experimentell
103 897 693 922 bewiesen, dass der Mollklang mit beharrungsfähiger Terz
107 918 691 942 nicht ein einfacher Akkord, sondern ein Doppelklang ist. Nur der
107 936 691 966 stumme Grundbass D vermag für sich allein dem Mollklang
106 962 689 994 a′ c″ e″ Stabilität zu verleihen, welcher dann als Teilklang des
103 984 363 1017 D durnonenakkordes erscheint.
142 999 691 1028 Ehe ich zu dem hiermit nahegelegten Konsonanzproblem über¬
106 1025 687 1053 gehe, führe ich ein Notenbeispiel Riemanns S. 24 seiner Problem¬
99 1045 685 1076 schrift als praktischen Beleg für die Richtigkeit meiner Auffassung
100 1075 691 1097 an. Fig. 38 a) wird von Riemann so verstanden wie bei b), indem
101 1091 684 1118 wir das e′ g′ als „Vertretung der Subdominante, nämlich des G moll¬
106 1112 689 1144 akkordes” hören sollen. Wäre diese Deutung richtig, so würde
