721 1298
374 121 430 161 70
151 164 631 204 Und welches ist die normale Kleinmollskala? Diese:
153 349 693 380 Damit ist die lange gesuchte, Dur analoge, reine Molltonleiter
105 373 694 395 endlich gefunden! Es ist die C durtonleiter, im Mollsinne ver¬
106 394 699 424 standen. Der Unterschied gegen das R.sche reine Moll ist deutlich
111 420 697 443 ersichtlich: Die Analogie zwischen beiden Ge¬
106 437 695 460 schlechtern besteht nicht in der gegensätz¬
106 460 693 483 lichen Gleichheit, vermittelt durch das Ober¬
115 481 693 506 ton- und Untertonprinzip, sondern in der
115 500 692 528 grundsätzlichen Gleichheit, vermittelt allein
112 523 693 548 durch das Oberton-(Grundbass-)prinzip. Das
105 547 693 576 übliche Durmoll ist nicht aus dem reinen
112 568 695 594 Moll als Spezialtypus, sondern dieses aus Dur¬
115 589 693 613 moll als allgemeinem Typus abgeleitet; denn
113 611 692 642 das reine Moll ist nur ein Bestandteil (eine
109 629 366 664 Wurzel) desselben.*)
148 653 693 688 Dieses interessante Resultat stimmt mit der Akustik überein,
107 683 698 706 scheint aber der historischen Entwicklung der Skalen, an
115 706 688 729 welche R. anknüpft, zu widersprechen. Bedenkt man indessen,
106 727 697 752 dass die alten Griechen und ihre Nachahmer so wenig die har¬
107 749 689 774 monische Geltung der Skalen (das Prinzip der Klangvertretung
104 770 697 797 der Töne) wie die Beziehung aller Töne auf einen gemeinsamen
105 792 698 815 Mittelpunkt (das Prinzip der Tonalität) kannten, so erscheint von
105 814 697 835 vornherein eine Begründung und Bestätigung moderner Theorien
106 835 584 864 durch griechische und mittelalterliche Skalen verfehlt.
188 860 698 891 — So glaube ich denn wirklich, zutreffend bewiesen zu haben,
108 885 690 909 dass die dualistische Molltheorie R.s akustisch und praktisch un¬
111 908 692 931 haltbar, auch ganz überflüssig ist, da alle harmonischen und
105 928 692 958 melodischen Vorkommnisse in Moll sich vollständig im Grundbass¬
153 985 696 1023 *) Es ist wohl zu beachten, dass in diesem reinen A moll das
111 1014 695 1035 c als Nebentonika und zwar als Neben-Grundton auftritt. Die Kopfton¬
107 1033 697 1057 leiter Riemanns von e—e ist dagegen in Wahrheit nicht eine von Tonika
107 1051 697 1074 zu Tonika, sondern eine von Quint zu Quint laufende A mollskala.
106 1069 691 1088 Der Name jeder Tonleiter richtet sich nach ihrem Verhältnis zur Basis.
113 1085 693 1106 Das ist hier a, wir haben also den äolischen Typus, nicht den phry¬
108 1104 688 1130 gischen. Dieser läge nur vor, wenn e wirklich Tonika und Grund¬
109 1117 536 1147 ton wäre (vgl. den Schluss des folgenden Aufsatzes).
