721 1298
372 116 414 151 24
94 164 683 194 reinen Verhältnissen noch keine merkliche Veränderung des Ver¬
94 188 263 215 schmelzungsgrades.”
147 203 688 237 4. Der Umstand, dass am Klavier die höheren unharmonischen
105 229 686 252 Obertöne nicht wahrgenommen werden, entsprechend der tatsäch¬
95 251 685 275 lichen Klangauffassung, lässt das Klavier zu musikalischen Experi¬
104 275 682 299 menten besonders geeignet erscheinen. Entscheidend ist das von
96 301 691 320 mir angegebene chromatische Experiment in Fig. 35: Zu dem
103 317 687 342 stummen grossen C (Des, D) wird man nach Abspielen des chro¬
97 337 683 362 matischen Laufes einen von unharmonischen Obertönen
98 359 691 385 freien Durnonenakkord hören, obwohl doch jene Obertöne,
94 381 690 406 z. B. zum grossen C: 11 (f″ und fis″), 13 (a″ und as″), 15 (h″)
103 403 692 426 zum Erklingen gebracht werden (!). Perzipiert werden zwar
101 424 691 452 auch diese höheren Obertöne, aber zum Bewusstsein kommen sie
99 447 692 475 nicht als Klangändernde, sondern lediglich als klangfärbende
103 467 180 490 Elemente
149 478 684 513 5. Natürlich-rein gestimmte Instrumente können wir in unserer
103 514 691 537 praktischen Musik ja doch nicht gebrauchen, wenigstens nicht für
98 531 685 556 die mannigfaltigen harmonischen und melodischen Verbindungen
97 550 690 577 unserer polyphonen Musik. Experimente im physikalischen Kabinett
106 575 690 606 können also für die musikalische Akustik nicht überall mass¬
106 597 207 620 gebend sein.
150 616 689 646 6. Überhaupt kommen wir mit dem rein sinnlichen Ein¬
104 640 686 665 druck in der Musik nicht aus, da er durch psychologische
105 661 687 683 Verarbeitung modifiziert werden kann, ohne dass jedoch der
99 680 692 706 sinnliche Eindruck aufhört, die Grundlage unseres Hörens zu bleiben.
100 704 685 728 In der „Musikalischen Akustik” habe ich bereits psychologischen
106 725 679 754 Begriffen wie „Auffassung, Verschmelzung, Zusammenhang, Gedanken¬
106 747 689 772 assoziationen” Zutritt gewährt (s. S. 54, 56, 60, 61, 84, 137, 138);
104 769 685 795 ich stimme daher vollständig mit Riemann überein, wenn er in ganz
102 790 691 817 vorzüglicher Formulierung S. 25 seiner Problemschrift sagt: „Die
100 812 680 834 Abhängigkeit der Tonvorstellungen von den Ton¬
95 829 684 855 schwingungen steht ausser Zweifel und liegt derart klar zu
106 856 688 881 Tage, dass von ersteren auf letztere bestimmte Schlüsse gemacht
99 876 686 904 werden können. Aber — und damit stehen wir an der wichtigen
107 895 685 922 Schwelle, welche vom physischen oder physikalischen Hören zum
98 918 685 945 musikalischen Hören überführt: Die Abhängigkeit der Ton¬
105 942 687 966 vorstellungen von den Tonschwingungen ist nicht
100 963 691 986 eine absolute, derart, dass alle bei eingehender Einzelunter¬
106 983 692 1011 suchung nachweisbaren Elemente der das Ohr treffenden Klänge
98 1006 687 1027 bestimmenden Einfluss auf die Gestaltung und Verkettung der
105 1027 687 1052 Tonvorstellung gewännen, sondern sie ist beschränkt durch
102 1051 688 1075 eine auswählende und ordnende Tätigkeit des die ein¬
99 1070 691 1096 ander folgenden oder zugleich angegebenen Töne miteinander ver¬
99 1093 690 1117 gleichenden apperzipierenden Geistes. Denn das musikalische Hören
99 1114 688 1144 ist selbst bei dem nicht durch fachmännische Schulung oder durch
