721 1298
302 110 333 145 49
26 144 612 183 schritt, c+ — f+ (0e — 0h) als Gegenquintschritt, c+ — 0g (0e — a+)
25 187 618 206 als Quintwechsel, c+ — 0c (0e — e+) als Seitenwechsel, c+ — e+
33 202 618 227 (0e — 0c) als (schlichten) Terzschritt, c+ — as+ (0e — 0gis) als
28 221 613 249 Gegenterzschritt, c+ — e0 (0e — c+) als Terzwechsel etc. (vgl. Kg.
23 245 617 270 H. S. 191). „Wechsel” bedeutet stets einen Wechsel des Klang¬
26 268 122 299 geschlechts.
66 281 621 321 Den reinen Tongeschlechtern stellt R. die gemischten
25 308 417 343 gegenüber in folgendem Schema (H. S. 46):
302 918 343 965 § 2.
52 958 595 990 Akustische Widerlegung der Riemannschen Molltheorie.
62 989 619 1022 Die Riemannschen Untertöne, welche ein Ton als Mollprim
25 1019 619 1043 auslösen soll, sind rein hypothetisch, da sie experimentell nicht
24 1043 613 1066 nachzuweisen sind. R. hat sogar selbst seinen Irrtum später in¬
25 1065 613 1089 sofern eingestanden, als er anerkannte, dass die angeblichen Unter¬
24 1084 613 1110 töne keine reelle Existenz haben (vgl. Stumpf „Konsonanz und
26 1106 613 1137 Dissonanz” S. 84 ff.). Die durch den Zusammenklang eines Inter¬
