721 1298
326 125 358 161 21
45 157 634 192 Akkord f a c d; die Vorausandeutung des den Konflikt lösenden
45 186 631 213 Oberdominantakkordes macht diesen Akkord zum eigentlich charak¬
45 211 635 234 teristischen Repräsentanten der Unterdominantfunktion.” Dass das
52 229 637 258 d in der Tat Quinte ist, wird schlagend dadurch bewiesen, dass
45 253 630 280 es in C-durmelodien stets so (nicht etwa als Sexte) gehört wird
46 274 629 303 (Fig. 24). Gegen die Notierung F6 = L6 ist natürlich nichts ein¬
52 298 631 322 zuwenden, wenn man die akustische Bedeutung der „Sexte” im
45 318 628 341 Auge behält; sagt doch auch die allgemeine Bezeichnung A0, über
50 341 628 364 die wirkliche Auffassung des Mollklanges im tonalen Zusammen¬
42 362 628 389 hange nichts aus. In F a c d ist f der einzige Grundton. Ist
42 388 638 411 nach der Stimmführung (z. B. Fig. 25) auch das d Grundton, so
45 403 625 428 ergibt sich von selbst der Mollseptimenakkord D F a c in Überein¬
46 427 631 451 stimmung mit meiner Molltheorie, auch mit v. Oettingen und Polak.
45 448 628 473 Dass in anderem tonalen Zusammenhange d f a c auch als
52 469 632 496 (B) d F a c verstanden werden kann, haben wir bereits oben an
49 489 631 516 dem analogen Klange e g h d = (C) e G h d festgestellt. Endlich
51 512 537 535 ist noch die Auffassung (B) d f ♮as c möglich (Fig. 26).
94 540 632 568 Ich komme nunmehr zu dem dualistischen Akkorde par ex¬
40 562 636 585 cellence, dem Gegenbilde des Durseptimenakkordes, nämlich zu dem
46 586 629 611 von oben nach unten gebildeten „Mollseptimenakkorde”
43 605 629 630 h d f a Riemanns. Wie findet sich der Monismus mit diesem Klange
40 631 625 651 ab? Die nächst liegende, daher im Zweifel anzunehmende Be¬
40 649 633 677 deutung ist (G) h d f a (Fig. 27) oder (G) h d F a (c) (Fig. 28).
45 670 637 698 nicht nur in C dur, sondern auch in A moll. Ist d Grundton, so
44 692 574 722 kompliziert sich die Analyse zu (G) h D F a (c) (Fig. 29).*)
88 723 636 750 Überall ist hier das f leitereigner Ton (Hauptton). Nach dem
45 748 631 775 Zusammenhange kann f aber auch als alterierter Ton (Nebenton)
43 769 635 795 zu verstehen sein; h d f a ist dann = (E gis) h D ♮fis a, analog
46 791 635 817 dem Dursextakkord d fis a h (Fig. 30) oder = H D ♮fis a (Fig. 31)
49 812 638 837 oder = H ♮dis ♮fis a (Fig. 32). Endlich ist noch die Auffassung
42 834 636 860 ♮B d F a (c) möglich (Fig. 33). Die musikalische Akustik arbeitet
41 856 637 880 also auch bei diesem Klange mit einer feinfühligen Differenzierung,
50 878 635 902 welche man bei dem Dualisten Riemann vergebens sucht, dem nur
45 900 633 925 die Analysen $$GRAPHIC und $$GRAPHIC mit dem erzwungenen Grund¬
51 925 634 962 ton d zu Gebote stehen. Bei mir ist das Grundbass-(dur-)prinzip
46 961 638 984 und der Terzenbau konsequent auch hier durchgeführt, der bei
51 980 630 1005 dem engen Zusammenhange zwischen C dur und A moll auffällige
44 1002 631 1026 dualistische Widerspruch, dass der Akkord h d f a bald im Ober¬
42 1024 636 1048 ton-, bald im Untertonsinne zu deuten sein soll, entfällt ganz. Ja,
49 1045 631 1074 die monistische Auffassung führt von selbst zur Entwicklung eines
90 1099 643 1130 *) Auch die Dualisten müssen trotz $$GRAPHIC die Grundtonqualität
40 1115 190 1151 des d anerkennen.
