721 1298
372 117 415 153 68
94 160 684 194 zusammenfällt, und im Absteigen die kleine Sexte (neapolitanische
95 190 685 214 Sexte b), durch die sie mit der fallenden melodischen Molltonika-
94 210 685 233 Leiter (äolisch) identisch wird. Die letztere Lizenz ist noch be¬
95 232 679 255 denklicher als die erste, da sie die natürliche Mollseptime durch
94 250 681 277 die grosse Unterseptime ersetzt; im reinen Mollsinne ist ja die
101 275 461 305 Skala von a—a herabgehend zu denken:
139 333 688 362 Die Lizenz des steigenden Leittons cis ist wiederum
101 357 679 385 ein Zugeständnis an das Grundbasssystem. Auch hier hätte die
95 379 690 404 Notierung mit Obertonzahlen geschehen sollen. Weshalb die beiden
99 402 680 427 Lizenzen bedenklich sein sollen, ist nicht recht verständlich (vgl. den
97 422 679 450 neapolitanischen Sextakkord o. § 3, Nr. 3 und die grosse Unter¬
95 448 596 478 septime in der phrygischen Mollleiter Riemanns S. 67!).
97 483 689 521 III. Die Tonleiter der Molloberdominante in Moll.
135 515 690 541 Mel. S. 17: „Wo man die so seltene Molloberdominante, die
94 539 684 562 eigentliche Repräsentation des reinen, von Durelementen ganz
95 562 686 588 freien, Moll einführt, sollte man stets auf den Durleitton dis,
96 583 680 607 welcher auch cis nach sich ziehen muss, verzichten, da derselbe
94 605 679 627 die Stellung des Klanges ganz unkenntlich macht; vollends ist die
103 626 692 650 Einführung der grossen Sekunde statt der kleinen ganz der Tonalität
94 648 690 673 zuwider. Leider nivelliert aber die Praxis gern allzusehr in
103 669 688 696 dem Sinne, dass jeder Mollakkord dieselben Durchgangstöne erhält,
104 691 689 714 wie sie ihm als Molltonika zukommen, und jeder Durakkord, wie
95 713 403 738 sie ihm als Durtonika zukommen”.
140 732 683 761 „Molltonika” im letzten Satze muss nach dem Vorhergegangenen
97 753 684 779 offenbar als „Klang des Mollgrundtones” verstanden werden. Aber
102 779 686 802 warum „leider”? Gerade weil die Molloberdominante so selten ist
101 797 691 825 und, wenn sie erscheint, leicht als ein aus der tonalen Kadenz
102 820 691 847 herausfallender Klang verstanden wird (s. o. § 6 I), ist die von R.
98 842 684 864 bedauerte Nivellierung mit Recht im üblichen Moll so häufig. Auch
94 864 680 890 bei diesem Akkorde zeigt sich die Macht des Grundbassprinzips.
370 915 423 947 § 11.
242 935 540 971 Die Lösung des Mollproblems. *)
137 965 683 996 Nachdem wir das übliche Moll seinem wahren Wesen nach
95 995 682 1020 kennen gelernt haben (als Gemisch von vier Durtonarten, demnach
95 1018 686 1046 als von vornherein chromatisches Geschlecht), ist noch die Frage
144 1060 691 1086 *) § 11 ist inzwischen ersetzt durch meine theoretischen Broschüren
96 1080 679 1106 (Teil I §§ 6, 7 und Anhang, Teil II Anhang) sowie durch den Leit¬
94 1101 690 1130 artikel der vorliegenden Broschüre, daher hier zum grössten Teil fort¬
99 1119 166 1146 gelassen.
