721 1298
311 128 343 161 27
27 173 619 201 monie in unserem Sinne nicht kennen, geschweige denn ver¬
27 197 621 224 wenden. Wie sehr im Occident das Durgeschlecht als das schlichtere
26 218 619 242 und natürlichere stets das Übergewicht hatte, beweist die eigene
33 238 620 264 Äusserung Riemanns in seiner Geschichte der Musiktheorie S. 209:
28 261 620 289 „Wieweit diese Vorliebe der weltlichen Musik für das Durgeschlecht
28 286 613 311 zurückreicht, wissen wir nicht, doch lassen einzelne Bemerkungen
28 306 613 329 der Theoretiker, Eigentümlichkeiten der Musikinstrumente und
34 326 619 349 einzelne erhaltene Denkmäler der weltlichen Kunst (die Tanzlieder
33 347 621 376 Nitharts und andere Minnesänger- und Troubadourmelodien, auch
28 369 618 392 z. B. das ‚Sumer is icomen in’) auf eine weit zurückliegende
28 390 613 417 Epoche schliessen.” Wenn andere Völker (Russen und Süd¬
31 412 619 438 europäer) die Mollterz in ihren Melodien bevorzugen, so hat das
30 436 623 461 einfach folgenden Grund: Die Tonleitern der einstimmigen Musik
27 455 620 484 bauten sich auf der pythagoräischen (chinesischen) Quintenstimmung
31 481 614 502 auf, zunächst die fünfstufigen (pentatonischen) mittels der Quint¬
26 498 620 522 folgen c—g—d—a—e. Die „Terz” e lag also sehr weit von der
27 518 618 547 „Tonika” c ab, die auch von den Naturvölkern dunkel als solche
31 544 615 568 empfunden wurde. Bei ausschliesslicher direkter Beziehung auf
28 563 614 586 diese Basis c hätte sich die Terz als natürlich-reine im Verhältnis
35 588 619 613 4:5 festsetzen müssen. Dem widerstrebte aber die theoretisch fest¬
32 606 619 635 gelegte pythagoräische Terz (64:81). Nimmt man als Schwingungs¬
28 628 619 655 zahl für c 240 an, so ergeben sich für die natürlich-reine Terz 300,
28 650 621 674 für die pythagoräische 303¾, für die temperierte 302 Schwingungen.
26 671 613 694 Kein Wunder, dass der Gefühlswert für die Terz von vornherein
35 694 614 717 Schwankungen unterliegen musste, dass infolgedessen das eine
30 714 619 740 Volk sich für die Durterz, das andere gar für die Mollterz, wieder ein
32 738 617 764 anderes sich für die neutrale, d. h. eine zwischen Dur und Moll
29 757 619 782 liegende, Terz entschied. „Unsere Annahme des Dur oder Moll in
28 777 619 804 fremder Musik erklärt sich aus der uns eigenen Auffassung,
30 801 613 827 welche das Tonmaterial nur nach diesen Tonarten zu scheiden
31 826 618 851 vermag und daher ein etwaiges Vorkommen der neutralen Terz
34 845 613 871 nach Dur, meistenteils jedoch nach Moll überträgt. Das
33 866 618 891 führt zu dem bekannten Konflikt, nach welchem einige Naturvölker
33 888 613 912 ihre freudigen Erregungen und Lustgefühle in der Molltonart aus¬
28 909 615 934 drücken, während letztere uns nur für entgegengesetzte Gefühle
27 932 614 953 zusagt” (Ludwig Riemann, „Über eigentümliche bei Natur- und orien¬
28 952 616 977 talischen Kulturvölkern vorkommende Tonreihen” 1899 S. 96—100).
29 975 623 999 Bedenkt man zudem, dass selbst bei den zivilisierten Völkern die
28 996 616 1017 kleine Terz bis vor anderthalb Jahrhunderten nicht festlag, was bei
28 1016 621 1041 Auffassung des Mollklanges als Gegenbild des Durklanges unbegreif¬
29 1039 617 1062 lich sein würde, so erkennt man, wie fragwürdig auch der histo¬
29 1060 617 1088 rische Nachweis der „Schlichtheit und Natürlichkeit der Moll¬
28 1083 500 1109 harmonie” und der Priorität des Mollgeschlechtes ist.
76 1101 625 1129 Dass H. Riemann nicht nur die Obertöne, sondern auch die
29 1125 618 1153 Kombinationstöne (Differenztöne) zur „Begründung der har¬
