721 1298
302 91 324 122 71
15 133 613 162 sinne erklären. Der Dualismus war kein Fortschritt, sondern ein
25 160 614 186 Rückschritt, da er die allen Naturerscheinungen zu Grunde liegende
14 181 607 202 Einheit durch die Hypothese einer gegensätzlichen Zweiheit zer¬
25 203 606 226 störte und das Naturgesetz in der Musik (die Akustik) negierte.
14 223 602 250 Möchte doch der verdienstvolle und sonst so scharfsinnige Be¬
17 247 607 273 gründer der Untertontheorie endlich seinen Irrtum durch die Tat
14 268 613 290 eingestehen, um einem erspriesslichen Fortschritt der angewandten
15 288 369 314 Musikwissenschaft die Wege zu ebnen!
