1793 2941
109 98 187 163 32
115 206 1666 260 Grundharmonieen nicht vor den Accorden mit harmoniefremden Tönen zur Abhandlung gebracht hat, um
104 257 1477 302 das Streben, nach welcher Richtung einzelne Accordtöne zu führen wären, sicherer zu erkennen.
213 305 1671 362 Zum Schlusse stellt Weitzmann „Accordbildungen durch Vorhalte” auf, von welchen die
111 352 1139 401 nachstehenden Beispielen den Begriff von Vorhalt nicht erkennen lassen:
209 580 1107 637 Wo hier die Vorhalte stecken, vermögen wir nicht anzugeben.
819 843 952 918 VII.
220 942 1660 996 Was über den verminderten Dreiklang im neuen Harmoniesystem gesagt wird, ist wenig, und
110 993 1668 1044 längst bekannt. Selbst der Anschauungsweise mancher Theoretiker, wornach dieser Accord, in so fern er auf
117 1033 1668 1085 der siebenten Dur- oder Moll-Leiterstufe seinen Sitz hat, als ein vom Dominantseptimenaccord abgeleiteter,
116 1086 1663 1128 also gewissermaßen als ein verstümmelter Vierklang erklärt werden kann, wird nicht gedacht. — Der über¬
117 1122 1671 1172 mäßige Dreiklang dagegen wird vom Verfasser umständlicher besprochen. „Dieser Accord ist jedoch so
117 1170 1664 1213 enharmonischer Natur, daß das Ohr durch seine blose Erscheinung noch nicht unterrichtet wird, welcher seiner
116 1209 931 1263 drei Töne die übermäßige Quinte der Grundlage bildet:
215 1449 1664 1509 Daß dieser Accord nach seiner Intervallen-Zusammensetzung eine dreifache Mehrdeutigkeit zuläßt, liegt
115 1505 1660 1555 in der gleichweit von einander abstehenden Tonentfernung seiner Bestandtheile; denn wie der verminderte
114 1550 1663 1601 Septimenaccord den Octavenraum in vier kleinen Terzen (— natürlich nur der Tonhöhe nach, da die
109 1593 1671 1645 Septime zur Octave eine übermäßige Secunde bildet —) umfaßt, so umspannt der übermäßige Dreiklang
112 1640 1550 1686 die Octave in drei großen Terzen (von denen ein Verhältniß als verminderte Quarte erscheint):
213 1850 1673 1901 Jedoch wird das Auftreten dieses Accordes nicht leicht einen Zweifel beziehlich seines Leitersitzes in dem
113 1894 1669 1943 musikalisch gebildeten Gehöre erregen, ist dasselbe einmal in eine Tonart eingestimmt. Würde aber der Spleen
110 1942 1668 1988 eines Componisten dazu drängen, ein Tonstück mit dem übermäßigen Dreiklang beginnen zu lassen, was aber
117 1983 1671 2036 der Verfasser theilweise bekämpfen müßte, weil er selbst sagt: „Die übermäßige Quinte ist so scharf, daß sie
115 2029 1668 2077 entweder regelmäßig vorbereitet, oder aber als melodischer Durchgangston auftreten muß”, — so wäre es
110 2070 1672 2123 allerdings schwierig, ja unmöglich, die richtige Gestaltung von den Drillingen (siehe Fig. 39) sogleich zu
120 2112 1674 2170 finden und die beziehliche Tonart festzustellen, gleichwie man durch den verminderten Vierklang vom Beginn
117 2165 1662 2207 der Ouverture zu Auber's Oper: „Die Stumme, von Portici” bis zur Auflösung jener Harmonie in Be¬
118 2203 1673 2254 treff der Tonart, wenigstens beim erstmaligen Anhören, in Ungewißheit gelassen wird. In nachstehendem
113 2243 1669 2297 Beispiel aus der Ouverture zu Mozart's Oper: „Cosi fan tutte” wird man aber gewiß nicht beziehlich
121 2294 1674 2340 des zweimal auftretenden übermäßigen D-Dreiklangs im 1. und 2. Tacte und des dreimal erscheinenden
116 2338 1099 2388 übermäßigen G-Dreiklangs im 4., 5. und 6. Tacte im Zweifel sein:
