1793 2941
114 110 187 172 22
117 221 1662 270 amt ohne großen Dreiklang nicht zu führen. Wir wissen schon, daß aus diesen 3 Harmonieen die oben als
115 275 1666 325 „wesentliche Form” bezeichnete Molltonleiter entsteht. Will man nun in Moll ähnlich, wie in Dur quinten¬
111 314 1669 364 weise auf- oder absteigend Tonleitern nachbilden, so ist der Natur dieser wesentlichen Form gemäß erforderlich,
115 360 1039 412 daß man je drei Töne abändert, wie aus Fig. 21 zu ersehen:
221 682 1668 732 Die Molltonarten, welche ohnehin in ihren Leitern ersten Grades nur vier Töne miteinander gemein¬
118 729 1663 787 schaftlich haben, auch für die Bestimmung der weiteren Grade die in den Durtonarten sich ergebene strenge Folge¬
119 772 1668 821 richtigkeit in Betreff der Anzahl dieser gemeinschaftlichen Töne mangelt, stehen daher unter sich nicht in dem gleichen
119 816 1666 861 innigen Verhältniß, wie die Durtonarten; dessenungeachtet werden sie aber wie diese auf- und absteigend, vor¬
114 866 1664 911 wiegend aber nach der Tonabstammung ihrer beziehlichen Leitergrundtöne und nicht lediglich nach Zahl der
116 907 1672 964 gemeinschaftlichen Töne — dieser „äußeren Aehnlichkeit”, — quintverwandt in ihren 6 Graden aufgestellt *):
217 1354 1675 1402 Mit der Bestimmung der Verwandtschaftsgrade in Dur und Moll, wie wir sie in Fig. 20 und
114 1402 1672 1451 22 aufgestellt, stimmen die älteren Lehrbücher miteinander überein. Dagegen hat man sich in Betreff
118 1443 1672 1491 der Seitenverwandtschaften, der Verwandtschaft zwischen Dur und Moll, und umgekehrt, in der
125 1489 1676 1535 Regel verfahren. Die näheren Verwandtschaften zwischen Dur und Moll zeigen sich nämlich einerseits in
117 1528 1677 1580 den gleichnamigen, andererseits in den Paralleltonarten. Gleichnamige Tonarten haben die Toniken,
114 1579 1675 1622 die Ober- und Unterdominanten und die Töne der 2. und 7. Leiterstufe mit einander gemein und weichen
123 1624 1087 1669 demnach nur in den Tönen der 3. und 6. Stufe von einander ab:
215 1794 1486 1835 Beide Leitern sind fast identisch, oder wie G. Weber meint, sie seien Zwillinge. —
222 1834 1667 1884 Paralleltonarten dagegen geht die Gemeinschaftlichkeit gleicher Toniken, Ober- und Unterdominan¬
121 1881 1675 1924 ten 2c. ab und sie stehen daher auch nicht in solcher innigen Beziehung zu einander, wie die gleichnamigen
118 1923 1670 1971 Tonarten, obschon jene einen gemeinschaftlichen Ton mehr zählen, als diese. (Siehe Fig. 24 zur Ver¬
117 1965 457 2021 gleichung mit Fig. 23.)
119 2136 1677 2190 Weitzmann hat in seiner Untersuchung jedenfalls die Parallelität mit der Identität verwechselt, wenn er
122 2177 1669 2228 „C-dur und A-moll, als das männliche und weibliche Princip eines und desselben Verwandt¬
120 2227 664 2276 schaftsgrades” [?!] ansehen will.
230 2267 1671 2317 Die Verwandtschaft ersten Grades nach auf- und absteigender Descendenz verbunden mit der parallelen
118 2315 1674 2363 und der gleichnamigen Tonart zu veranschaulichen, stellt G. Weber recht passende Bilder auf. (Siehe Fig.
123 2359 347 2413 25, I und II).
226 2616 1678 2667 *) Nach den Bestandtheilen der Molltonleiter herkömmlicher Form würde sich jedoch auch in Moll
272 2659 1678 2708 eine analoge Uebereinstimmung der Anzahl gemeinschaftlicher Töne in je zwei Leitern für die Be¬
285 2694 1103 2732 stimmung der Verwandtschaftsgrade ergeben, wie in Dur. —
208 2721 1684 2769 **) Wie die Leser schon bemerkt haben werden, bezeichnen wir nach G. Weber eine Durtonart mit
270 2763 1443 2813 einem großen und eine Molltonart mit einem kleinen lateinischen Buchstaben.
