1793 2941
1624 120 1702 180 13
250 232 1704 284 Daß den Tonstücken ein Accord, großer oder kleiner Dreiklang, zu Grunde liegt, welcher als der
152 280 1698 331 wichtigste erscheint, auf den sich alle übrigen Harmonieen beziehen, sowie, daß dieser tonische Dreiklang,
152 323 1698 373 wie er genannt wird, mit den Dreiklängen seiner Ober- und Unterquinte (Dominanten) die Tonart reprä¬
154 369 1708 419 sentirt und aus den Bestandtheilen dieser drei Accorde die Tonleiter construirt wird, ist längst bekannt; denn
154 415 1702 467 es sprechen hiervon schon viele ältere Tonlehrer, wie z. B. unter andern H. Chr. Koch, — ausführlicher
152 459 1708 501 aber G. Weber in seiner „Tonsetzkunst”. Neu ist also des Verfassers Erklärung ihrem wesentlichen Inhalte
148 507 1702 555 nach nicht, und selbst die wohl noch nicht allgemein bekannte Bezeichnung in vorstehender Fig. 8 ist keine
151 547 1701 591 Erfindung von ihm, sondern aus M. Hauptmann's: „Die Natur der Harmonik 2c.”, jedoch ohne Quellen¬
151 590 1701 644 angabe entnommen. Aber wie es scheint, so hat Weitzmann jenen Tongelehrten nicht durchweg richtig
145 642 1707 684 verstanden *). Es enthält wohl das neue Harmoniesystem genau dieselbe Durtonleiter, wie die von Haupt¬
150 687 1700 724 mann und von andern occidentalen musikalischen Menschensöhne aufgestellte; dagegen findet man aber alldorten
154 727 1710 773 noch eine Tonleiter aus einer „weicheren Durtonart” entwickelt: C d e f g as h c, die der „Moll-Durton¬
150 770 1716 812 leiter” Hauptmann's: C D e F G A h C — C B as G F e D C, wie man nach Vergleichung derselben
150 810 1708 858 deutlich ersieht, nicht entspricht. Auch nimmt Weitzmann für das Molltonart-System zwei verschiedene Ober¬
152 857 1710 900 dominantendreiklänge, einen kleinen und einen großen an, construirt aber nicht die bekannte ältere Molltonleiter
151 902 1710 948 mit erhöheter Sexte und Septime bei steigender und mit erniedrigter Septime und Sexte bei fallender
156 945 1714 987 Richtung, wie sie auch Hauptmann hat, sondern er bringt zwei verschiedene Leitern und zwar beide nur in
156 985 1716 1035 fallender Richtung und in sonderbarer Folge von der Dominante zu deren Octave: 1) e d c h a g f e und
152 1032 1710 1074 2) e d c h a gis f e als A-Molltonleitern. — Da nun der Verfasser ausdrücklich sagt: „. . . wenn
147 1076 1711 1132 die melodische Durtonleiter mit dem Grundton des Hauptdreiklanges beginnt und stufenweise hinaufsteigend
149 1126 1711 1174 mit einem Halbtone in die Octave desselben leitet 2c. . . . ., so beginnt die melodische Molltonleiter mit der
151 1168 1709 1216 Quinte des Hauptdreiklanges und steigt stufenweise in denselben Intervallen herab . . . .”, und da er
153 1210 1709 1259 ferner die Dur- und seine „weichere Durtonleiter” nur in steigender, die beiden Molltonleitern aber nur
155 1255 1709 1307 in fallender Richtung hinstellt, so möchte man fast annehmen, die beiden Durtonleitern sollten nur in
153 1298 1725 1349 steigender und die beiden Molltonleitern nur in fallender Richtung melodisch verwendbar sein. Ja erwägt
152 1346 1710 1398 man, daß der Verfasser beziehlich des in seiner „weicheren Durtonleiter” zum Vorschein gekommenen über¬
149 1387 1705 1435 mäßigen Secundenschrittes, den er conform der alten Lehre auch nicht in allen Fällen unbedingt passiren läßt,
157 1429 1711 1477 fünf Beispiele gibt, in welchen dieser Schritt, as h, nur in steigender Folge erscheint (— für die
154 1476 1714 1524 Tonfolge gis f in seiner Molltonleiter Nr. 2 hat der Verfasser kein Beispiel gegeben —), so ist man zu jener
151 1519 1719 1565 Annahme noch mehr berechtigt. — Insbesondere ist die vom Verfasser als A-Molltonleiter Nr. 1 auf¬
155 1564 1713 1618 gestellte Tonfolge keine neue Erfindung; denn die Entstehung und der erste Gebrauch dieser Leiter ist uralt,
152 1605 1766 1659 und die Physionomie derselben orientalischen Gepräges. Es ist nämlich dieselbe, entweder die authentisch-
157 1657 1715 1704 phrygische, oder die plagalisch-äolische (Hypo-äolische) Leiter, der man aber auch aufwärts fortzu¬
158 1694 448 1750 schreiten gestattete **).
252 1749 1712 1803 Konnte nun auch kein Kunstgenosse aus der alten Schule, welcher in das Wesen der Harmonieen
154 1799 1710 1853 gründlich eingedrungen, trotz der vielversprechenden pomphaften Ankündigung: „. . . . musikalisch-theoretische
164 1841 1706 1891 Begründung der durch die neuesten Kunstschöpfungen bewirkten Umgestaltung und Weiterbildung der Harmonik”,
155 1882 1657 1932 und wiederum: „die Gesetze 2c. noch nicht erklärter Zusammenklänge und Accordfolgen zu ergründen 2c.”, —
154 1928 1714 1972 aus der Fassung gebracht und in den Traum einer glanzreichen musikalischen Morgenröthe eingelullt werden,
160 1969 1712 2021 so dürfte aber jetzt nach genommener Einsicht der Weitzmann'schen Tonartensysteme auch mancher noch im
257 2118 1709 2169 *) In dem höchst interessanten Werke Hauptmann's ist freilich Manches nicht gemeinverständlich genug
310 2162 1709 2204 dargestellt, weßhalb auch wir den Verfasser an sein Versprechen, einen Nachtrag mit erläuternden
308 2195 1711 2236 Beispielen erscheinen lassen zu wollen, dringend mahnen möchten; — andererseits sollte man aber
313 2227 1714 2269 auch wieder voraussetzen, ein neues „Harmoniesystem” würde nichts bringen, am allerwenigsten
315 2265 1520 2307 Erborgtes, worüber der Aufsteller desselben selbst noch nicht mit sich im Klaren wäre. —
245 2303 1709 2346 **) Man sehe hierüber die betreffenden Abhandlungen in älteren Lehrbüchern, z. B. Fink's „Musi¬
309 2347 1712 2390 kalische Grammatik”, 30. Kap.; André's „Lehrbuch der Tonsetzkunst”, 1. Band, 19. Kap.;
313 2386 1706 2420 „Kompositionslehre” von Marx, 1. Band, 2. Buch, 2. Abtheilung; „Versuch einer geordneten
319 2417 1626 2469 Theorie der Tonsetzkunst” von G. Weber †), Band IV., Anhang Seite 150 (3. Auflage.) —
366 2469 1705 2517 †) Unseres Wissens war es dieser in mehrfacher Beziehung thatsächliche Reformator in unserer Musiktheorie
407 2496 1710 2537 (— womit wir jedoch keineswegs alle seine aufgestellten Lehrsätze vertheidigen und seinen ausgesprochenen
410 2525 1707 2563 Ansichten blindlings huldigen wollen —), der schon im Jahre 1811 in den „Heidelberger Jahrbücher” und
418 2554 1713 2591 später in seinem vorbezeichneten Werke eine auf- und absteigend gleichförmige Molltonleiter als Grundlage
413 2586 1704 2626 zur Bildung sämmtlicher leitereigenen Harmonieen aufstellte. Er bezeichnete dieselbe mit „wesentlicher”
410 2608 1709 2648 Form zum Unterschiede von der „herkömmlichen”, wie er die ältere Form nannte; Fink scheidet die
413 2637 1706 2671 beiden Formen durch „harmonische” und „melodische” Ordnung, jedoch uneigentlich und nicht
415 2666 1706 2698 genügend begründet, da die Töne beider Formen stufen- und sprungweise melodisch, und ebenso — mit
409 2684 1708 2722 Ausnahme jener der erhöheten 6. und erniedrigten 7. Stufe in der herkömmlichen Form — auch harmo¬
410 2716 1703 2748 nisch zu leitereigenen Grundaccorden, verwendet werden; Marx nennt sie „systematische” und
410 2743 833 2780 beziehlich „historische” Form. —
