1793 2941
126 137 205 188 14
128 241 1669 289 Schwanken gewesener Musiker alten Schlages, ob nicht dennoch ein Einführen in unbekannte musikalische
124 282 1629 333 Gefilde und Fluren möglich, vollkommen enttäuscht sein, da er ja augenfällig in den aufgestellten Leitern —
124 331 1677 379 abgesehen von der noch vorenthaltenen näheren Anweisung für den melodischen Verbrauch derselben — die
124 379 1677 422 Möglichkeit einer ihm fremden Accordgestaltung nach naturgemäßer Bildungsweise nicht erkennen kann. Ja
129 421 1674 468 nicht einmal der Erhöhung der 4. Leiterstufe in Moll wird in der Aufstellung dieser Tonartensysteme und
130 463 1681 508 Leitern gedacht, wie in manchen älteren Lehrbüchern (Vogler, Portmann und andere), um die Accorde mit
128 507 1681 555 übermäßiger Sexte, wenn auch nicht als vollberechtigte Bürger, so doch als sehr willkommene Beisassen oder
125 554 1102 604 Permissionisten in die musikalische Harmonie-Gemeinde aufzunehmen.
230 608 768 660 Doch urtheilen wir nicht zu voreilig?
225 657 1681 709 „Wie aber die weichere Durtonart hier den chromatischen Ton as benutzte, so kann eine jede Tonart
122 707 1685 755 außer ihren Stammtönen noch alle übrigen Töne unseres Tonsystems als chromatische Nebentöne in
123 745 1676 796 Anwendung bringen, um damit bald ihre Melodieen auszuschmücken, bald ihren Harmonieen ein reicheres
116 793 388 844 Colorit zu geben.”
228 844 1678 893 Als Durchgänge, Wechselnoten 2c. werden nach der alten Schule auch schon lange her die chromatischen
125 891 1672 936 — oder wie wir beziehlich zu irgend einer Tonart sprechen — leiterfremden Töne benutzt, in Folge
123 937 1676 980 dessen dann nicht nur melodische Verzierungen, sondern auch nicht selten chromatische Accorde entstehen.
118 979 1671 1026 Wird aber ein Ton als wesentlicher Bestandtheil in eine Tonart und deren Tonleiter eingereiht, wie oben
116 1026 1669 1067 der Ton as in die „weichere Durtonleiter” der 6. Stufe von C, dann würde dieser Ton auch in seine Ge¬
118 1074 1677 1115 rechtsame als selbstständiges Glied der verschiedenen Grundharmonieen eintreten, und es
118 1113 1675 1160 müßte derselbe z. B. in dieser, der C-Durleiter, als Bestandtheil der Grunddreiklänge von d - F - as —,
120 1154 1671 1205 f - as - c — und as - c - e, der Vierklänge 2c. vorerst nicht zu gedenken, angesehen werden und nicht
118 1202 1673 1245 bloß für den melodischen Schmuck und des harmonischen Colorits da sein. Räumt nun der Verfasser „allen
119 1248 1676 1298 übrigen Tönen unseres Tonsystems” gleiches Recht ein, wie hier dem Tone as, so müßte dann auch
118 1289 1673 1340 jeder dieser Töne, je nach seiner Stellung in der Tonreihe, ebenfalls als selbstständiges Glied verschiedener
122 1330 1671 1379 Grundharmonieen seine Berechtigung haben. Daß eine solche Theorie in's Bodenlose führte, ist leicht er¬
125 1378 1676 1423 sichtlich. Nach solchen Principien wäre es aber dann auch unnöthig gewesen, sich mit den verschiedenen Ton¬
118 1427 1673 1475 artensystemen zu befassen und daraus wieder eben so viele verschiedene siebentönige Tonleitern zu deduciren;
114 1466 1669 1516 viel einfacher, neu und gewiß auch genial wäre es, ein für allemal die zwölftönige chromatische Tonreihe,
113 1517 1668 1562 oder auch die enharmonische mit ihren 17 Noten, oder gar endlich das ganze Regiment der oben für's
114 1563 1669 1609 „Tonsystem” aufgestellten Fünfunddreißig, so eine wahrhaftige Universaltonleiter, als Grundlage
116 1603 1667 1644 leitereigener Accorde und „mächtig hervortretender”, melodischer und harmonischer Tongebilde ganz uneinge¬
112 1649 648 1701 schränkt zur Verfügung zu stellen!! —
214 1697 1670 1747 In Betreff einiger abweichenden Benennungen bemerken wir, daß, wenngleich der tonische Dreiklang
114 1737 1663 1788 als der wichtigste in der Accordfamilie erscheint, so sind doch die Dominantharmonieen (Drei- und Vierklang
110 1786 1667 1836 der V. und Dreiklang der IV. Stufe) zur Mitbestimmung der Tonart im hohen Grade bedeutungsvoll,
114 1824 1673 1868 weßhalb die alten Tonlehrer auch diese Harmonieen zu den Hauptaccorden und nicht zu der Kategorie
114 1871 1670 1918 der übrigen, der Nebenaccorde, wie Weitzmann, zählen. Die Harmonieen I, IV, V und V7 in Dur
115 1918 1672 1963 und i, iv, V und V7 in Moll sind dann durch ihre besondere Benennungen von einander unterschieden.
120 1955 1667 2004 Noch weniger ist die abweichende Benennung: „Stammtöne” für unsere leitereigene oder leitertreue
117 2002 1674 2046 Töne und „Nebentöne” für leiterfremde zu billigen, da Stammtöne und Nebentöne in unserer alten
117 2043 1674 2091 Terminologie in anderer Bedeutung aufgenommen sind, daher diese Abänderung Begriffsverwechslungen zur
117 2088 408 2141 Folge haben könnte. —
833 2337 945 2405 IV.
210 2426 1664 2477 Nach Aufstellung des Tonsystems, der Tonartensysteme und der verschiedenen Tonleitern sollte man
105 2475 1666 2516 doch wohl erwarten dürfen, in einem Harmoniesystem müßten jetzt unmittelbar und als eine der wichtigsten
113 2512 1671 2562 Abtheilungen desselben die den verschiedenen Tonarten und Leitern entsprechenden Accorde, in zweckmäßiger
106 2562 1661 2612 Ordnung aufgestellt, gebracht werden. Ja der Verfasser eines neuen Harmoniesystems, welcher die „Begründung
106 2601 1663 2651 der noch nicht erklärten Zusammenklänge” sich zur Hauptaufgabe gestellt, hätte um so eifriger die erste beste
103 2650 1671 2691 Gelegenheit ergreifen sollen, mit seinen neuen Accorden hervorzutreten. Wir haben freilich oben in der
101 2689 1658 2740 Abtheilung III schon darauf hingedeutet, daß nach „naturgemäßer Bildungsweise” trotz der vermehrten Ton¬
103 2737 1669 2782 arten und Leitern keine den alten Musikern fremd erscheinende Grundharmonie zum Vorschein kommen
