1793 2941
1622 96 1698 149 55
140 192 1710 251 diesem Anfange der Liszt'schen Ouverture und der Einleitung des Mozart'schen C-dur-Quartetts*), weil in
146 249 1386 292 beiden die „Zuhörer längere Zeit in Ungewißheit über die Tonart” gelassen werden. —
253 290 1697 348 „Zum Beweise aber, daß auch der feinfühlende Mozart motivirte Querstände und andere harmonische
142 337 1704 385 Härten gehörigen Ortes nicht unschön gefunden hat, möge der vielbesprochene Anfang jener Einleitung auch
148 378 1385 436 hier eine Stelle und zugleich seine nach meiner Theorie sehr einfache Erklärung finden:
227 842 1700 933 „Mozart beginnt mit dem As-dur-Dreiklang (in der Terzsextlage), diesem folgt der $$MATH-Accord c es g
150 935 1706 989 a, der eine regelmäßige Trugfortschreitung in den Secundenaccord c d fis a nimmt und dieser löst sich so¬
143 996 1703 1052 dann in den durch zwei Vorhalte verzögerten G-dur-Dreiklang (in der $$MATH-Lage) auf. Das h des Basses bleibt
147 1056 1707 1108 nun als Halteton liegen, über welchem der h-moll-Dreiklang und sodann der verminderte Dreiklang fis a
141 1113 1137 1157 c erscheint, der endlich regelmäßig in den G-dur-Dreiklang übergeht:
239 1501 1696 1557 Das wäre also die voraus verkündete, „allen Musikern verständlich” erscheinende „einfache Erklärung”
145 1554 1695 1604 mittelst der „Verzögerungen”! Es ist unbegreiflich, wie Weitzmann auf die „Auslegungen und Erläuterungen”
140 1595 1706 1637 in G. Weber's „Theorie der Tonsetzkunst” hinweisen, aber auch im Wahne befangen sein konnte, die
142 1640 1708 1683 Musiker wären heutzutage noch in Betreff der grammatikalischen Entzifferung des vorgeführten
141 1681 1703 1732 Beispiels im Zweifel und dieser wäre jetzt erst durch das Phantom „Verzögerung” gelöst, zu welchem Zwecke
141 1723 1701 1771 er dann auch noch das Mozart'sche Original arrangiren zu müssen glaubte, wie Fig. III zeigt, ohne zu
145 1771 1697 1820 bedenken, daß durch dieses Arrangement gerade das eigentliche punctum litis verlassen wird, da
144 1824 1694 1874 der Hauptpunkt der Anfechtung, nämlich der Querstand as ♮a}} (in zwei verschiedenen Stimmen) und in ver¬
147 1874 1691 1922 schiedenen Octavenräumen durch as ♮a (in einer und derselben Stimme) und in einem und demselben Octaven¬
141 1914 1699 1966 raum ganz und gar wegfällt. — Nach keiner kunstvernünftigen Theorie wird sich aber eine Erklärung
139 1977 1695 2021 ausfindig machen lassen, welche die durch den Eintritt des Tones a}} im zweiten Takte Fig. II verursachte, Ohr
142 2019 1696 2060 und inneres Gefühl höchst empfindlich berührende Härte als solche wegleugnen könnte, wenngleich die Ursache
151 2060 1694 2103 solcher durch Querstände erregten Härten als in der Folge heterogener Accorde liegend längst bekannt ist (siehe
149 2103 1700 2155 G. Weber's „Tonsetzkunst”, 3. Aufl., B. 3, §. 491, Seite 30; „Kompositionslehre” v. Marx, 1. Aufl.,
146 2147 1700 2189 B. 1, S. 174 2c.; André's „Lehrbuch der Tonsetzkunst”, B. 1, Seite 77). — Eine „gute Theorie”, welche mit der
145 2188 1697 2236 sinnlichen und geistigen Natur des Menschen, oder wenn man will, mit den, seinem Organismus zu Grunde
143 2234 1696 2277 liegenden, wenn selbst auch noch unerklär-, so doch fühlbaren Naturgesetzen nicht in Widerstreit kommen
139 2281 1693 2325 will, muß daher diesen Querstand in Figur II als gesetz-, weil naturwidrig verbieten. Wohl über¬
238 2388 1697 2440 *) Auf diese Einleitung des Mozart'schen Quartetts hatte Weitzmann nämlich schon anticipando auf
301 2434 1692 2478 dem vorhergehenden Blatte, wo er der alten Theorie zum Vorwurfe macht, daß sie den „vernünf¬
295 2469 1694 2507 tigen Grund” für die Errungenschaften nicht erkenne, hingedeutet: „Ich erinnere hier nur an die
294 2501 1697 2548 vielen Auslegungen und Erläuterungen der Einleitung des C-dur-Quartetts von Mozart (s. z. B.
294 2539 1697 2579 G. Weber, Theorie der Tonsetzkunst, 3. Auflage, 3. B. Seite 196—266 †), deren Harmonieen
296 2571 1691 2618 allen Musikern verständlich erscheinen werden, welche zu deren Erklärung meine Theorie der regel¬
296 2609 1699 2660 mäßigen diatonischen und chromatischen Verzögerungen der Töne eines Accordes zu Grunde legen,
287 2648 899 2684 wie ich weiter unten zu beweisen gedenke.”
357 2706 1319 2749 †) 266 ist ein Satzfehler, da dieser Band des Buches nur 226 Seiten enthält.
