1793 2941
1628 121 1695 180 23
263 220 1701 284 Es versteht sich nach unseren seitherigen Betrachtungen von selbst, daß die von den Mittelpunkten C
148 280 1701 325 und a in I und II nach den 4 Seiten ausgehenden, im ersten Verwandtschaftsgrade stehenden Tonarten
151 323 1698 373 nicht in gleicher Beziehung zur Haupttonart stehen, nicht etwa eine derselben durch eine andere ersetzt
158 362 1510 416 werden könne; es steht nämlich eine jede in ihrer Art im ersten Verwandtschaftsgrade zu C.
254 418 1697 468 Ueber die Feststellung weiterer Grade der Seitenverwandtschaften gingen die Tonlehrer entweder leicht
151 468 1702 512 oder klug darüber hinweg oder sie betraten ein Labyrinth ohne im Besitze eines Ariadnen-Fadens zu sein.
151 506 1700 556 So sagt z. B. F. W. Schütze in seiner „Compositionslehre”, 2. Auflage, Seite 187: „Sind die Schüler
153 554 1703 597 im Angeben der Verwandtschaften ersten Grades recht geübt, so kann es ihnen nicht schwer fallen, die Ver¬
153 596 1646 646 wandtschaften zweiten Grades zu finden. Hierbei lasse man es sein Bewenden haben.” —
153 640 1702 686 A. B. Marx gibt Seite 70 seiner „Allgemeinen Musiklehre”, 3. Auflage, nachstehende Zeichnung für die
149 686 935 734 Verwandtschaftsgrade von C-dur zu den Molltonarten:
157 1130 1703 1180 mit dem guten Rathe begleitet: „Aber wir haben nicht nöthig, die Verwandtschaften so weit oder noch weiter
162 1182 1711 1234 zu verfolgen.” Es war allerdings klug, abzubrechen; ein Schritt von B-dur weiter führt zu Es-dur, und
158 1226 1699 1269 wir hätten dann auf diesem Wege c-moll im vierten Verwandtschaftsgrade zu C-dur erhalten! —
163 1253 1712 1313 G. Weber erweitert die oben unter Fig. 25 I und II für die ersten Verwandtschaftsgrade gelungenen
157 1312 1422 1356 Bilder in seiner Tonsetzkunst, Band II., 3. Auflage, Seite 84 und 85 folgendermaßen:
267 2595 1723 2653 Die Glieder der senkrechten Reihen in beiden vorstehenden Figuren stehen alle, wie man sieht, in
153 2650 1716 2692 Quintabständen. Jede dieser Reihen, nach Belieben auf- und abwärts fortgesetzt, läßt, je nach den großen
158 2692 1709 2738 oder kleinen Buchstaben, sämmtliche Dur- oder Molltonarten zum Vorschein kommen, während die Glieder
155 2739 1717 2785 der wagrechten Reihen in kleinen Terzabständen stehen und, diese Reihen nach rechts oder links verlängert,
