1793 2941
1625 89 1710 149 53
146 201 1699 250 langen, sind einmal seine Erläuterungen veröffentlicht, die er „dieser abstract theoretisch gehaltenen Dar¬
148 250 1709 299 stellung des Systems 2c. einen schon vorbereiteten Nachtrag folgen zu lassen” selbst für ersprießlich erachtete.
158 296 1707 347 Bleibt nun aber einerseits bis dahin das Hauptmann'sche Werk, und vielleicht hauptsächlich nur wegen der
158 339 1711 387 Art und Weise der Darstellung, nicht Jedermann leicht zugänglich, so können wir aber andererseits nicht
156 383 1717 435 glauben, der „Lehrer” Hauptmann halte den ehemaligen Schüler Weitzmann für den qualificirtesten
154 430 1709 477 Interpreten seines Buches, vielmehr sind wir der Meinung, Letzterer hätte zu seiner Ehre besser auf sein
150 477 1705 518 vermeintliches „Glück” verzichtet und vor seiner anmaßenden Unternehmung die allerersten Worte in dem
158 513 1711 564 Buche seines Lehrers beherzigt: „Was der Mensch zu lernen hat, um sich zum praktischen Musiker auszubilden,
173 562 947 612 ist in vielen Werken gründlich abgehandelt.”
253 618 1711 660 Weiter wird gesagt: „Meine Aufgabe dagegen war es, nicht allein jene allgemeinen Gesetze und deren
152 657 1715 711 praktische Anwendung gedrängt und präcis gefaßt vollständig mitzutheilen, — und daß ich hierbei das
157 704 1712 765 so eben erwähnte beste der darüber vorhandenen Werke benutzte, wird mir gewiß Niemand zum Vorwurf
150 746 1715 795 machen, dem es wie mir darum zu thun ist, Alles wohl zu prüfen und sodann das Rechte zu bewahren, —
153 795 1718 844 sondern auch, und das ist meine eigene und die mit dem Preise gekrönte Arbeit, alle in der heutigen
150 840 1714 886 gebildeten Tonsprache [?] gebräuchlichen Ausnahmen von den allgemeinen Regeln zu sammeln, zu
155 883 1714 933 sichten, systematisch zu ordnen und ihre theoretische Berechtigung und praktische Verwendbarkeit nachzuweisen.”
205 929 1716 979 — Im Harmoniesystem hat sich Weitzmann an keiner Stelle darüber ausgesprochen, daß er bei seiner Arbeit
157 970 1708 1020 Hauptmann's Buch „benutzte”, was wir bereits in Abtheilung III, Seite 13, der „Krit Bel.” schon er¬
157 1017 1714 1065 wähnt haben; dagegen hat er sich aber noch ganz andere, zum Theile viel hochtrabendere Aufgaben gestellt,
154 1062 1709 1108 als er jetzt nachträglich sich vorgesetzt zu haben vorgibt, wie auf dem 2. Titelblatt, in der Einleitung und
154 1110 1717 1154 an mehreren mit Anführungszeichen hervorgehobenen Stellen unserer „Kritischen Beleuchtung” deutlich zu
156 1146 1715 1193 ersehen. Daß ihm aber in seiner stümperhaften Arbeit die gestellten Aufgaben zu lösen ziemlich „voll¬
159 1191 1712 1244 ständig” mißglückte, glauben wir zur Evidenz nachgewiesen zu haben; und wenn er nun gar in eitles
161 1233 1710 1285 Selbstlob verfällt und auf dem nächstfolgenden Blatte seines Novums, wo er seinen Kritiker in der Wiener
156 1288 1711 1331 „D. M. Z.” zu belehren sucht: „Das Zusammenstellen und Erklären einer gewissen Anzahl von Beispielen
153 1322 1716 1378 ist noch keine Wissenschaft” [— wir verweisen in dieser Beziehung auf unser Schlußwort, Abtheilung
162 1370 1709 1415 XIII, Seite 47 und 48 —], dann von „Principien” spricht, aus welchen „Lehrsätze” herzuleiten
161 1417 1724 1464 seien, welche auf besondere „Fälle anzuwenden sind” und „allgemeine Giltigkeit haben”, und dann weiter
150 1459 1717 1510 prahlt: „In meinem nach solchen Principien geordneten System aber habe ich Lehrsätze aufgestellt, nach
152 1506 1719 1549 denen ein jeder Musiker auch die combinirtesten harmonischen Gebilde und Wendungen in den Werken älterer
154 1545 1720 1594 und neuerer Tonmeister zu erklären wissen wird.” — so kommt man fast in Verlegenheit, ob man solchem
160 1594 1722 1642 so auffallend kundgegebenen Mangel an richtiger Einsicht und Selbstkenntniß Mitleid bezeigen, oder sich von
161 1641 1368 1687 solchem widerlich frivolen Bramarbasiren mit gebührender Verachtung abwenden soll.
258 1692 1720 1739 „Der Zweck der vorliegenden Blätter aber ist es, mehrere der dort [im Harmoniesystem] aufgestellten
158 1737 1717 1782 und von der Kritik angegriffenen Sätze zu vertheidigen, Manches dort zu sehr Gedrängte oder Mißverstandene
156 1778 1715 1829 zu erweitern [!] und klarer [?!] darzustellen, und endlich auch dahin zu wirken, eine Gleichheit in der
159 1826 1721 1877 musikalischen Terminologie zu erzielen, da fast eine jede Tonlehre für gewisse bestimmte Begriffe
160 1868 1723 1916 ganz verschiedene Namen aufstellt, 2c.” — Was den ersten Theil dieses Satzgefüges betrifft, so könnten
156 1913 1718 1956 wir denselben wegen seiner antikritischen Tendenz ganz ignoriren; jedoch werden wir weiter unten Einiges
159 1956 1716 2002 zur Kennzeichnung Weitzmann's vorführen, um zu zeigen, wie gründlich derselbe sich zu „vertheidigen” und
159 1993 1726 2045 das „Mißverstandene 2c. klarer darzustellen” vermag. Was aber den letzteren Theil des angeführten Satz¬
163 2043 1716 2092 gefüges anbelangt, so finden wir auf den 13 Blättchen des Schriftchens nirgends ein ernstliches und würdiges
155 2085 1721 2131 Bestreben zur Erzielung einer „Gleichheit in der musikalischen Terminologie”. Hierzu wäre die Begründung
164 2121 1730 2171 für den Ausschluß bisher eingeführter Ausdrucksweisen, sowie die Motivirung für die stellvertretenden Wörter
160 2171 1717 2220 erforderlich, und es wird eine willkürliche und unmotivirte Aufnahme neuer Kunstwörter nur zur Ver¬
156 2216 1729 2261 wirrung beitragen, mindestens das Verständniß älterer theoretischen Schriften erschweren. Manche von
161 2259 1714 2306 Weitzmann in seinem Harmoniesystem gebrauchten Ausdrücke, wie „Trugfortschreitung”, „Stammtöne”,
163 2297 1728 2352 „Nebentöne”, „Verzögerung”, die verwirrenden Bezeichnungen der verschiedenen Cadenzen 2c., sind theils über¬
161 2346 1722 2397 flüssig, theils ungeeignet, wie in der „Kritischen Beleuchtung” dargethan; dadurch aber, daß er z. B. „Orgel¬
154 2393 1725 2444 punkt” beibehält, aber auch „Halteton” dafür gebraucht — welche doppeltdeutige Bezeichnung mit Halt
163 2438 1722 2484 (Ruhepunkt, Fermate) verwechselt werden könnte — ferner „Tonkunst” und auch „Tonsprache”, „Harmonie¬
160 2482 1723 2525 lehre” und wiederum „Grammatik” 2c. schreibt, registrirt er ja selbst sein eigenes Harmoniesystem in die
159 2523 1718 2571 Kategorie jener „Tonlehren”, denen er vorwirft, daß sie für „gewisse bestimmte Begriffe ganz ver¬
163 2571 1728 2620 schiedene Namen” aufstellen. Jammerschade ist es nur, daß Weitzmann den terminus technicus
162 2610 1721 2666 „Tonsprache” nicht früher entdeckt hat; sein von ihm, und wohl nur von ihm so hochgeschätztes Werk,
166 2659 1729 2708 welches die „einseitigen Kritiker” jetzt so böswillig anfechten, hätte dann statt des verbrauchten zopfigen
