1793 2941
115 106 186 158 46
112 210 1658 266 bringt diesen Accord in seinem „Lehrbuch” 2c., Kapitel: „Chromatische Veränderung der Grundharmonieen”
112 256 1666 307 und sagt von demselben, sowie von noch einigen ihm beigezählten Accordbildungen, sie könnten „wohl zufällig
112 305 1639 356 durch Nebentöne (Durchgangstöne) zum Vorschein kommen, harmonische Geltung haben sie jedoch nicht.” —
207 354 1671 397 Bevor Weitzmann die beiden Beispiele, Fig. 61, vorgeführt, erklärt er die mehrfach erwähnten Zu¬
122 406 1668 452 sammenklänge, wie nicht anders zu erwarten, als „chromatische Verzögerungen”, auch als „Ver¬
120 447 1665 492 schärfungen derjenigen Harmonie”, welche durch Entziehung der Versetzungszeichen erkennbar werde. Wir
116 491 1670 540 für unsern Theil haben uns aus den älteren theoretischen Schriften, und längst vor der Erfindung dieser
110 534 1664 588 „chromatischen Verzögerungen”, die Lehre von allen derartigen Tongestaltungen ungefähr folgendermaßen kurz
109 584 562 629 zusammengefaßt und festgestellt:
269 633 1666 685 1. Den Accordtönen können von oben und von unten Nebentöne (Vorhalte,
316 676 1104 724 Durchgänge, Wechselnoten) vorgesetzt werden und
275 730 1672 772 2. Diese Nebentöne können, im Falle sie je nach ihrer beziehlichen Tonleiter
309 775 1671 827 zu ihren Haupttönen im Verhältnisse eines sogenannten ganzen Tones
317 818 1670 867 stehen, durch chromatische Erhöhung oder resp. Erniedrigung ihren Haupt¬
318 866 1514 916 tönen um einen sogenannten halben Ton näher gebracht werden *).
214 913 1671 962 Hiermit ist das Gebiet der möglicherweise zu gestaltenden Zusammenklänge, deren Bestandtheile zum
106 962 1669 1005 Theil, selten wohl ganz, aus leiterfremden Tönen bestehen, eröffnet. Der sichtende Kunstverstand und ein
111 1002 1059 1053 geläuterter Geschmack haben dann das Verwendbare auszuwählen.
212 1058 1669 1108 Gestützt auf die Beispiele in Fig. 61 liest man nun im Harmoniesystem: „Eine ähnliche Erklärung
106 1099 1666 1147 aber werden auch die folgenden der neueren Musik angehörenden Harmonieen zulassen.” — Der Verfasser
109 1145 1673 1188 bringt dann unmittelbar darnach dreizehn Accordgestaltungen, welche theilweise als blose Transpositionen
109 1193 1665 1237 des Hauptmann'schen Zusammenklanges in Fig. 61, theilweise als bekannte enharmonische Accorde erscheinen.
105 1233 1661 1284 Die übrigen vom Verfasser notirten Tonbilder aber, welche der „sein fühlende Künstler”, der „Geweihte,
111 1281 1664 1328 dessen Brust von dem göttlichen Funken der Kunst erglüht", — „dazu berufen ist”, „die Grenzen des Schönen
105 1327 1671 1373 zu bestimmen” und „niemals die Anmuth und Schönheit”, — „selbst der Wahrheit und Bestimmtheit des
111 1371 1672 1420 Ausdrucks zu Liebe” — „zum Opfer bringen wird”, entweder für den „verständlichen Ausdruck” seiner „Ton¬
108 1411 1670 1459 dichtung” schon verwendet hat **) oder noch verwenden wird, können wir uns nicht versagen in nachstehender
111 1459 431 1509 Fig. 63 mitzutheilen:
213 2212 1675 2261 Der bedeutsame Unterschied dieser Beispiele, dem Beethoven'schen und dem Hauptmann'schen in
107 2258 1667 2306 Fig. 62 gegenüber, ist so auffallend erkennbar, daß wir die Hinzufügung auch nur noch eines einzigen
110 2306 569 2358 Wortes für überflüssig erachten. —
219 2450 1660 2505 *) Siehe: „Leitereigene und leiterfremde Durchgänge” in G. Weber's: „Tonsetzkunst”
262 2479 1665 2539 Band 3, Seite 74 bis 113; — „Chromatische Durchgänge” in der „Kompositionslehre”
267 2530 1670 2580 von Marx, Band 1, Seite 250 bis 273 und „Chromatischer Durchgang” in Lobe's:
269 2563 656 2614 „Lehrbuch 2c.”, Seite 144. —
202 2606 1671 2655 **) In diesem Falle ist es aber höchlich zu bedauern, daß der Namen des Componisten fehlt, der sich
263 2643 1673 2685 dieser „berechtigten neuen Formen” bediente, — zumal wir uns durchaus nicht gedrungen fühlen
269 2682 1663 2733 können, in den vom Verfasser gerühmten „neueren Tonwerken anerkannter praktischer Meister”.
268 2715 792 2763 solche Schönheiten selbst aufzusuchen. —
