1793 2941
1637 85 1709 147 25
258 195 1711 245 Die in die Winkel der vorseitigen Fig. 29 eingezeichneten Ziffern geben je die beziehlichen mit der C-dur-
155 242 1707 296 Tonleiter gemeinschaftlichen Töne an, und das Resultat kann kein anderes sein, als es die Fig. 30 darstellt:
258 696 1719 744 In gleicher Procedur sämmtliche Durtonleitern vorgenommen und mit a-moll verglichen, ergibt die
152 746 290 799 Fig. 31.
266 1186 1712 1228 Einem etwaigen Scrupel, warum in Fig. 30 as-moll und in 31 Cis-dur gesetzt wurden, während
163 1227 1709 1275 doch in der Regel ihre enharmonisch-unterschiedenen Leitern, gis-moll und resp. Des-dur, mit weniger Ver¬
164 1274 1714 1325 setzungszeichen im Gebrauche sind, sei dadurch begegnet, daß in beiden Figuren die zwei bezeichneten Tonarten
158 1320 1716 1365 der Symetrie wegen gewählt wurden, um nach jeder Seite hin fünf Verwandtschaftsgrade zu haben. Wollte
158 1362 1712 1406 man dagegen die beiden äußersten linksseitigen Tonarten, as-moll und Cis-dur, zur rechten Seite als gis-
161 1410 1717 1453 moll und Des-dur versetzen, so würden sie dennoch in demselben Tonartenabstande verbleiben, weil gis-moll
162 1450 1714 1506 wie cis-moll im Vergleiche zu C-dur und Des-dur wie As-dur im Vergleiche zu a-moll gleiche Anzahl
158 1500 1718 1549 gemeinschaftlicher Töne in ihren beziehlichen Tonleitern wesentlicher Form haben, also auch hier im fünften
164 1545 752 1589 Grade der Verwandtschaft stehen würden.
265 1587 1722 1628 Nach dem bisher verfolgten Entwickelungsgang wird man die Ueberzeugung vollständig gewonnen
161 1626 1723 1684 haben, daß die Verwandtschaftsgrade der Tonarten durchaus nicht nach der größeren oder kleineren Anzahl
159 1681 1719 1726 gemeinschaftlicher Töne in den zu tonischen Accorden erhobenen Dreiklängen bestimmt oder festgestellt
165 1722 1717 1772 werden können, sondern nach der, durch die drei- und viertheilige Saitenzerlegung ergebene Tonabstammung
158 1762 1719 1805 der Ober- und Unterquinten-Verhältnisse (s. oben Fig. 3 u. 4 Seite 8 u. 9) und nach Anzahl der gemein¬
159 1809 1713 1854 schaftlichen leitereigenen Töne, welche sich in stärkerem oder schwächerem Quantum in den gegen¬
161 1850 1717 1901 seitig in Vergleich gebrachten Tonarten vorfinden. In solcher Weise die Tonarten je in ihrer Totalität
159 1900 1721 1949 aufgefaßt und ihre Abstände gegenseitig verglichen, ergeben in gewissem Sinne Intervalle in höherer
159 1938 1710 1989 Potenz, wenn man will: Tonartenintervalle, und deren es dann in Dur und in Moll je
169 1983 1713 2027 sechs, in Dur-Moll und in Moll-Dur dagegen nur je fünf gäbe. Und diese Tonartenabstände bleiben
166 2027 1718 2068 dieselben, in welcher Weise wir auch immer Ausweichungen eintreten lassen, gleichwie ein Tonintervall
161 2068 1512 2117 dasselbe bleibt, wenn es auch in den verschiedenen Accorden verschiedene Stellungen einnimmt.
272 2113 1709 2157 Aber woher mochte für Weitzmann der Impuls zu seiner sonderbaren Gruppirung von Tonarten ge¬
162 2155 1716 2205 kommen sein, wodurch er nicht nur das in älteren Lehrbüchern vorhandene Richtige entstellte, sondern auch
157 2195 1727 2243 in das Mangelhafte — nämlich in die Gradation zwischen Dur und Moll und umgekehrt — noch mehr
166 2241 1720 2285 Unklarheit brachte? — Wir glauben den Schlüssel hierzu gefunden zu haben! In der bereits schon erwähn¬
162 2286 1724 2338 ten „Allg. Musikl.” von Marx, Seite 69, ließt man: „Wir wollen für tiefer in das Wesen der Musik
168 2331 1718 2380 Eindringende nicht unbemerkt lassen, daß in dem Wesen der Tonarten noch ganz andere, man könnte sagen:
159 2376 1713 2426 sympathetische Beziehungen liegen, (namentlich sind deren zwischen Tonarten vorhanden, deren Toniken
158 2419 1715 2472 eine Terz von einander liegen, z. B. C-dur mit A-moll und — As-dur, mit E-moll und — Es-dur 2c.),
157 2465 1725 2512 während oben *) nur die äußern, gröbern Verwandtschaftsverhältnisse (deren Kenntniß dem Schüler nöthig
318 2594 1711 2647 Gliedern dieser Reihe in auf- und absteigender Linie je sechs Glieder in ihren Quintenfolgen an¬
316 2642 1709 2682 gesetzt, so daß die Tabelle aus 10 dreizehngliederigen senkrechten und aus 13 zehngliede¬
318 2674 809 2716 rigen wagrechten Reihen besteht. —
266 2712 1709 2763 *) Marx deutet auf die Aufstellung der Gradation sämmtlicher Dur-Tonarten nach dem soge¬
314 2756 649 2804 nannten Quintenzirkel.
