1793 2941
1629 97 1701 157 15
150 202 1706 253 werde *). Aber wäre es nicht denkbar, daß der Verfasser für seine noch unerklärten Accorde auch eine neue,
156 247 1710 300 ganz eigenthümliche Maxime für die Bildung derselben besitze? Oder konnte er nicht, auch selbst bei Annahme,
149 299 1703 349 nach herkömmlicher Art seine Harmonieen zu bilden, doch in einem oder dem andern Tongeschlechte mehr
152 338 1707 394 oder weniger leitereigenen Accorde aufstellen wollen, als dieser oder jener unserer alten Tonlehrer? **)
153 386 1714 428 Und wie steht es insbesondere um die Harmoniebildung in den durch Hauptmann's Buch veranlaßten, aber
150 433 1706 476 von Weitzmann abweichend gebrachten neuen Leitern? Diese und noch andere hierher gehörigen Fragen
152 474 1717 520 bleiben im neuen Harmoniesystem völlig unbeantwortet. Noch mehr! Der Verfasser gibt über Entstehung
255 635 1698 675 *) Unter „naturgemäßer Bildungsweise” verstehen wir die terzenweise Verbindung oder
307 669 1696 715 Uebereinanderstellung der leitereigenen Töne zu Grundaccorden, Drei-, Vier-,
300 707 1700 750 Fünf-, Sechs- und Siebenklänge, weil hierzu das natürliche Mitklingen der akustischen Beitöne,
304 743 1697 786 worüber weiter unten in einer Anmerkung nähere Mittheilung folgt, den Impuls gegeben. Nach
300 775 1707 819 diesem Princip haben schon Rameau im Jahre 1722 und später, wie Fink meint unabhängig
303 814 1704 851 von Rameau, Portmann in seinen: „Die neuesten und wichtigsten Entdeckungen 2c.”, Darmstadt
307 850 1708 885 1798; und in seinem: „Lehrbuch der Harmonie” 2c., Darmstadt 1799, neue Auflage, ihre Grund¬
306 883 1707 922 accorde gebildet, welche Maxime die nachfolgenden Harmonisten im Wesentlichen beibehielten, wenn
300 920 1699 963 auch nicht alle Autoren diese Bildungsweise bis zum Terzdecimenaccord erschöpften, manche schon
303 953 1059 1005 theilweise die Nonenaccorde anders entstehen ließen. —
237 994 1696 1043 **) So hat z. B. G. Weber weder einen Drei-, noch einen Vierklang auf der dritten, sowie keine
297 1033 1702 1075 Vierklänge auf der ersten und siebenten Stufe der Molltonleiter als Grundharmonieen
296 1071 1699 1110 angenommen, weßhalb er denn auch nur 6 leitereigene Dreiklänge und 4 solche Vierklänge in
300 1107 1699 1148 dieser Leiter aufzählt und daher die auf jenen Stufen in Tonstücken dennoch vorkommenden Har¬
297 1145 1706 1188 monieen auf andere Weise erklärt, während er in der Durtonleiter von jeder der beiden Gattungen
308 1177 1699 1220 sieben Harmonieen als Grundaccorde residiren läßt. — A. André stellt nach älteren Vorgängern
300 1216 1695 1263 in Folge doppelter Tonbesetzung der 6. und 7. Stufe der Molltonleiter dreizehn Dreiklänge und
297 1249 1700 1288 sechszehn Vierklänge auf †). — Neuere Tonlehrer halten sich strenger an der wesentlichen Form
297 1285 1696 1328 der Molltonleiter für die Bildung leitereigener Harmonieen, so daß z. B. E. F. Richter auf
293 1318 1698 1361 jeder Stufe einen Dreiklang und eben so auch einen Vierklang annimmt, nur mit Ausnahme der
296 1356 1700 1397 ersten Stufe, allwo er keinen Vierklang als Grundharmonie gelten läßt, diese Ausnahme aber auch
296 1390 1701 1429 kunstverständig motivirt, weil wegen des fallenden übermäßigen Secundenschrittes die Septime keine
300 1426 1237 1468 den Grundseptimen analoge Lösung in der Leiter haben kann ††).
356 1481 1696 1523 †) Sämmtliche Harmonieen, in denen die erhöhete Sexte oder die erniedrigte Septime einer Molltonleiter als
402 1518 1699 1547 accordliche Bestandtheile (nicht als Durchgänge 2c.) auftreten, erregen das Gefühl einer Ausweichung in
402 1541 1066 1572 eine Nebentonart, — es sind deßhalb Fremdlinge.
342 1568 1696 1613 ††) J. C. Lobe in seinen „Aphorismen” als weiterer Anhang zu seinem: „Lehrbuch der musikalischen Kompo¬
405 1606 1612 1644 sition”, 1. Auflage, Seite 431, bringt und sagt über den Vierklang der ersten Mollstufe Folgendes:
450 1634 1063 1669 „Z. B. der Septaccord der ersten Stufe in Moll:
398 1837 1697 1877 „Wer kann wissen, ob nicht ein künftiger Tondichter eine dieser Harmoniefolgen selbst ohne Vorbereitung
398 1868 1693 1900 angeschlagen, für irgend einen besonderen Ausdruckszweck, zu irgend einer herben, bitter in das Gemüth
403 1889 1698 1924 schneidenden Gefühlsnuance wirkungsvoll zu benutzen weiß. Ob nicht einer eine Periode oder gar ein
400 1914 1199 1955 Stück in folgender Weise anzufangen sich gedrungen fühlen mag?
389 2313 1080 2357 Oder gemildert durch einen vorhergehenden Accord so:
390 2639 1688 2677 Freilich wird man das Gis bei b für eine Durchgangsnote erklären wollen, aber ich sehe die Nothwendig¬
392 2662 1609 2702 keit davon nicht ein, da man dieselbe Harmonie bei a als selbstständigen Accord gelten lassen muß.”
443 2698 1692 2741 Ein sehr kühner Griff, mit einer solchen Harmonie ein Tonstück beginnen zu lassen! Daß ein Zusam¬
382 2716 1534 2763 menklang der fraglichen Art, wird er kunstgemäß eingeführt, d. h. seine Septime vorbereitet:
