1793 2941
116 104 189 173 20
119 207 1661 258 unmittelbar vor Fig. 8 gegebene Erläuterung). Daß diese nahestehenden Beziehungen zwischen Grundton und
121 253 1655 301 seinen beiden Dominanten nicht aufgehoben werden, wenn dieselben als Fundamente von consonirenden Drei¬
119 297 1661 346 klängen erscheinen, kann man sich vollkommen überzeugen; denn wollte man auch von der, auf die akustischen
119 346 1666 396 Gesetze begründeten, natürlichsten Entwickelung der Töne ganz und gar absehen und lediglich an unser Gehör
112 392 1659 440 appelliren, so muß man doch gewiß die Accordverbindungen unter i und k. Fig. 17, befriedigender finden,
114 438 471 485 als jene unter l und m:
217 718 1663 772 *) Der Dreiklang der dritten Stufe in der Durleiter erscheint überhaupt unter den leitereigenen
263 756 1661 799 Harmonieen fast wie ein Fremdling — so wie eine Art von unliebenswürdiger und daher nicht
266 786 1664 830 willkommener Personnage, — weßhalb auch Kirnberger diesen Accord als beinahe unbrauch¬
269 826 1661 870 bar bezeichnen, ihn zum Haus hinaus werfen wollte. Daß er nicht als Cadenzaccord auftreten
276 860 1607 907 kann, gibt Weitzmann — freilich mit einem mißglückten Notenexempel (siehe oben Fig. 14) —
274 897 1666 938 selbst zu. Mit Kunstgeschick ist jedoch der Accord recht gut verwendbar; er verliert aber in der
270 930 1661 972 Regel sein eigenthümliches fremdartiges Wesen nicht, wie unter manchen andern auch das folgende
274 965 637 1013 Beispiel, Fig. 18, zeigt:
264 1347 1664 1397 Vom ästhetischen, resp. dramatisch-charakteristischen Gesichtspunkte aus betrachtet, ist dieser Accord
271 1387 1667 1428 ebenfalls von C. M. v. Weber in der Baßarie seines „Freischütz” äußerst gelungen eingeführt.
265 1422 1659 1466 Als im 1. Akte nach dem Trinklied und der Erlegung des Raubvogels Max die Bühne verläßt,
271 1456 1671 1499 Kaspar nun unbelauscht und daher auch unverstellt seine Rachearie singt, läßt der Componist gegen
272 1491 1663 1531 das Ende derselben bei den Worten: „Triumph die Rache gelingt!” eine Tonfigur aus dem
270 1524 1662 1566 Trinklied in der Instrumentalbegleitung erklingen, was den Bösewicht, sich an seine Verführungs¬
270 1564 1662 1601 künste erinnernd, stutzig macht; und kaum konnte nun der in Kaspar erregte Zweifel am Ge¬
274 1592 1668 1637 lingen der Rache besser ausgedrückt werden, als durch den Dreiklang der III. Stufe, wiederholt
271 1634 744 1684 und jedesmal mit einer Fermate:
