1793 2941
114 118 186 172 10
118 221 1673 275 hätten, — mit welchem Citat aber dann auch die kurz vorher vom Verfasser gleichsam nur für die Com¬
114 272 1670 322 ponisten seiner Partei in Anspruch genommene „Enharmonik, eines der wirksamsten Mittel der
116 313 1672 362 neueren Tonkunst”, gewissermaßen im Widerspruche steht, da ja diese alten Herren in Folge der ge¬
115 359 1676 413 wonnenen gleichschwebenden Temperatur auch der Enharmonik sich bedienten, wie weiter unten näher gezeigt
117 404 348 453 werden wird. —
849 554 942 620 II.
214 625 1663 679 In der Abtheilung: „Consonanzen” ist die Begriffsbestimmung derselben, wie jene der Dissonanzen,
114 673 1676 716 von der alten Lehre nicht wesentlich abweichend; denn es ist ja längst erkannt und festgestellt, daß die letzteren
112 723 1664 771 (die Dissonanzen) ein Streben nach Weiterführung (Auflösung) erregen, in ihnen das Moment der Bewegung
112 763 1530 814 liegt, während die ersteren (die Consonanzen) vorzugsweise das Moment der Ruhe repräsentiren *).
220 814 1669 860 „Alle übrigen Zusammenklänge [— nämlich dem großen und kleinen Dreiklange gegenüber —] aber
112 851 1672 899 hat das Ohr von jeher als Dissonanzen aufgefaßt, und deren Anzahl hat sich bis auf die heutige Zeit
112 898 1664 946 immer mehr und mehr vermehrt.” Hat die alte Lehre die Tonverhältnisse 1:1 Einklang, 1:2 Octave,
111 937 1668 986 2:3 große Quinte, 3:4 kleine Quarte, 4:5 große Terz, 5:6 kleine Terz, 5:8 kleine Sexte
103 985 1666 1032 und 3:5 große Sexte, als Consonanzen festgestellt, so ist auch die allerdings größere Anzahl der Dissonanzen,
106 1034 1662 1075 den Consonanzen gegenüber, nach dem ebenfalls, wie oben erörtert, längst festgestellten Tonsystem leicht
107 1079 1671 1122 zu ermitteln, ja genau zu berechnen. Von einer eigentlichen Vermehrung (Erfindung?) von Dissonanzen
103 1113 1665 1162 in neuester Zeit kann daher nicht die Rede sein, sondern etwa nur höchstens davon, welche Disso¬
102 1162 1664 1210 nanzen bei den Componisten nach der neuesten Musiktheorie, den Anhängern der alten Schule gegenüber,
107 1201 1670 1251 eigenthümlich im Gebrauche wären. In diesem Sinne muß dann auch der folgende Satz aufgefaßt werden:
112 1251 1672 1300 „Unsere weitere Aufgabe wird es also vorzüglich sein, die Berechtigung der bisher noch nicht erklärten Disso¬
102 1298 985 1341 nanzen darzuthun und deren natürliche Grenzen festzustellen.”
203 1337 1669 1381 Beziehlich der Bemerkungen des Verfassers über Intervallen-Parallelen heben wir folgende, theils un¬
106 1383 1658 1430 wahre, theils sich widersprechende Sätze hervor: „So viel verschiedene Gründe man aber auch aufgesucht hat,
103 1429 1660 1476 parallele Quinten als naturwidrig zu erklären, so scheint das Verbot derselben dennoch nur auf Meinung und
109 1474 1661 1519 Vorurtheil, nicht aber auf Naturnothwendigkeit oder haltbaren Verstandesschlüssen zu beruhen. Jahrhunderte
106 1514 1662 1565 hindurch hat das musikalische [sic!] Ohr Wohlgefallen an fortgesetzten Quintenfolgen gefunden, und unsere
98 1555 1660 1604 anerkanntesten praktischen Meister haben sich die Freiheit genommen, Quinten in stufen- oder sprungweiser
109 1604 1622 1660 Folge auftreten zu lassen.” Es wird dann flugsweg statt „vieler Beispiele” nur das folgende angegeben:
202 2173 1657 2227 Allerdings hat man die Frage, warum die Quintenparallelen dem Ohr auffallend unangenehm er¬
96 2226 1658 2274 scheinen, bis jetzt noch nicht befriedigend beantwortet, nicht wissenschaftlich genügend begründet **), obgleich man
96 2263 1657 2315 der Sache schon im vorigen Jahrhundert auf den Grund gehen wollte, zu diesem Zwecke sich eine „Societät
95 2309 1662 2365 der musikalischen Wissenschaften” 2c. gebildet und auch einen Preis auf die beste Beantwortung ausgesetzt hatte,
202 2445 1659 2494 *) Der Bezeichnung „Trugfortschreitung” für die von der gewöhnlichen oder normalen Auf¬
243 2480 1664 2527 lösung abweichenden Dissonanzschritte vermögen wir keinen besonderen Werth beizulegen. Weiter
242 2524 1654 2564 unten wird jedoch diese Bezeichnung sogar als ungeeignet, mindestens als eine ungenaue,
246 2561 490 2604 erkannt werden.
185 2587 1652 2628 **) Man lese jedoch hierüber die ausgesprochenen Ansichten in M. Hauptmann's: „Die Natur der
252 2628 1655 2675 Harmonik und Metrik”, Seite 70; — E. F. Richter's: „Lehrbuch der Harmonie”, 1. Auflage,
247 2667 1655 2707 Seite 15, sowie jene in noch älteren Werken: „Elementarbuch der Harmonie” von F. Schneider,
247 2699 1659 2746 zweite Auflage, Seite 106; auch in: „Versuch einer geordneten Theorie der Tonsetzkunst” von
243 2725 951 2781 G. Weber, 3. Auflage, Band IV., Seite 86. —
