1793 2941
1633 102 1703 166 21
257 206 1707 261 Die kunstwissenschaftlichen Gesetze verbunden mit unserm natürlichen gesunden Gehörsinne und ge¬
150 258 1703 307 läuterten Geschmacke müssen den vorstehenden Darstellungen gemäß unsere Leitsterne sein, wenn wir für die
149 305 1183 348 Musiktheorie überhaupt Grundsätzliches und Haltbares aufstellen wollen.
261 353 1708 404 Sowie nun der Verfasser mit seinen „terzverwandten”. Dreiklängen als die vermeintlichen innigsten
152 402 1705 444 Alliirten auf falsche Fährte gerathen, eben so ist er mit seiner hierauf basirten Folgerung für die Verwandt¬
163 449 1707 501 schaft der Tonarten im Irrthume. Wie soll auch ein Gebäude richtig gefügt werden können, wenn das
158 487 1699 539 Material dazu falsch bearbeitet ist! — Wir haben uns oben Fig. 2 und 4, sowie Seite 18 und 19, An¬
152 534 1692 588 merkungen, überzeugt, daß nach akustischem Gesetz — tritt man aus dem Octavenverhältniß heraus —
152 576 1704 629 irgend einem angenommenen Grundtone seine Ober- und Unterquinte am nächsten stehen. Weitzmann
162 623 1701 668 selbst lehrte (siehe, oben Seite 12, vor und nach Fig. 8), daß die auf den Tönen F C G gebauten
154 674 1704 722 consonirenden Dreiklänge in ihrer Vereinigung „das System der Tonart” bilden und ihre einzelnen Bestand¬
151 715 1708 757 theile, reihenweise aufgestellt, die Tonleiter ergeben, worauf wir schon einmal hingewiesen. Wird nun der
149 754 1708 802 Dreiklang von G oder F zum tonischen Accord, Regent einer neuen Tonart, erhoben, so bleibt der C-Drei¬
152 802 1704 848 klang nach jeder Seite hin, entweder als Subdominanten- oder als Dominanten-Accord im Bunde. Eben
150 849 1705 893 so werden durch das Auftreten eines neuen Dominanten-Dreiklanges für G-dur, wie durch das Erscheinen
149 890 1704 939 eines neuen Subdominanten-Dreiklanges für F-dur die neuen sich ergebenden Tonleitern G- und F-dur,
150 937 1711 981 jener von C-dur gegenüber, nur um einen Ton sich ändern. Will man nun nicht Gleiches, oder fast
157 980 1708 1028 Gleiches — wovon weiter unten bei den gleichnamigen Tonleitern die Rede sein wird — haben, sondern
150 1031 1714 1068 etwas Anderes (Verschiedenes), so begreifen wir nicht, wie man im musikalischen Harmoniereiche Näher¬
153 1072 1706 1122 stehendes, Verwandteres und Innigeres ausfindig machen kann, als in den angedeuteten Ton-,
157 1114 1238 1164 Accord-, Tonarten- und Tonleitern-Beziehungen zur Ober- und Unterquinte! —
256 1162 1702 1207 Nach dem aufgestellten Princip der Ton- oder Klangabstammung und der in Folge derselben größten Ge¬
152 1210 1710 1256 meinschaftlichkeit der Töne und Harmonieen für die Feststellung der Verwandtschaft der Tonarten bestimmt sich
158 1248 1707 1300 dann auch von selbst die Gradation dieser Verwandtschaft, wie in nachstehender Fig. 20 aufgestellt, und es läßt
153 1297 1710 1346 sich aus Lust oder Laune an dem ewig feststehenden Gesetzmäßigen dieser Gradation
150 1338 1708 1388 eben so wenig etwas abändern, als man in einer arithmetischen oder geometrischen
149 1386 1707 1435 Zahlenreihe Glieder herausreißen oder versetzen kann, ohne Störung der Reihe
158 1433 263 1482 selbst.
262 1849 1717 1893 Eine entferntere Verwandtschaft, als im sechsten Grade stehend, kann es nach unserm temperirten
153 1891 1712 1931 Tonsystem und bei richtiger Bezeichnung der Tonnamen nicht geben, wie manche Tonlehrer meinen, indem sie
156 1931 1709 1979 in aufsteigender Linie nach Fis und in absteigender nach Ges ein „u. s. w.” setzen. Die Cis- und resp.
151 1977 1709 2020 Ces-dur-Tonleitern haben als solche keine gemeinschaftlichen Töne mehr mit C-dur; dagegen treten sie in
149 2018 1705 2066 ihren enharmonischen Gestaltungen als Des- und resp. H-dur der C-dur-Tonleiter wieder um einen Grad
152 2068 1703 2116 näher, nämlich in den fünften Grad. Fis- und Ges-dur, tonisch wohl von gleicher Höhe, sind demnach
152 2105 882 2148 die äußersten Verwandtschafts-Pole von C-dur. —
255 2146 1709 2196 Der Umstand, daß aus der akustischen Zahlenreihe (siehe oben Fig. 16) die Verhältnisse 4:5:6 den gro¬
151 2194 1700 2243 ßen Dreiklang zur Erscheinung bringen, während der kleine Dreiklang erst in den Verhältnissen 10:12
173 2237 1703 2284 :15 auftritt, hat manche Tonlehrer veranlaßt, den letzteren als einen dem ersteren nachgebildeten
153 2283 1698 2331 Accord zu erklären. Das eigenthümliche Wesen des kleinen Dreiklangs, dem großen gegenüber,
154 2326 1703 2378 läßt sich deutlicher empfinden, als beschreiben, da die Ausdrücke: moll, weiblich, milde, trüb 2c.,
154 2371 1703 2412 den Eigenschaften: dur, männlich, stark, klar 2c. gegenüber, die Sache wohl als etwas Zwei¬
153 2418 1700 2461 faches, wenn nicht gar als etwas Gegensätzliches, hinstellen, nicht aber als etwas diesen Eigen¬
154 2459 1697 2507 schaften Concretes bezeichnen können. Mit welchen Worten man nun aber auch immer diese Eigen¬
150 2507 1697 2549 thümlichkeiten und resp. Verschiedenheiten bezeichnen mag, so viel ist richtig, daß manche Verbindungen mit
149 2547 1704 2588 nur kleinen Dreiklängen uns weniger befriedigen, als jene mit großen. Hierzu gehört vorzugsweise die Ver¬
153 2592 1694 2637 bindung eines kleinen Dreiklangs als tonische Harmonie mit einem kleinen Dreiklange auf der Dominante.
152 2635 1703 2682 Deßhalb ist denn z. B. auch in Moll eine analoge Zusammenstellung kleiner Dreiklänge auf der Tonika
150 2689 1696 2733 und den beiden Dominanten, jenen großen Dreiklängen in Dur gegenüber, nicht vollständig zulässig; nur
150 2722 1699 2764 die Unterdominante bleibt eine treue Gefährtin der Tonika, — die Oberdominante aber vermag ihre Herrscher¬
