1793 2941
1642 91 1707 149 49
146 193 1708 251 der beiden Tongeschlechter bestimmte Principien auf zur Bildung der Accorde, klassificirt dieselben in Grund¬
146 250 1710 297 accorde und abgeleitete (umgestaltete), in Harmonieen mit chromatischer Erhöhung oder
149 289 1706 342 Erniedrigung einzelner Accordbestandtheile, ferner in die durch die Retardation und durch
149 339 1698 387 Anwendung des Orgelpunktes und liegender Stimmen sich bildender Harmonieen und in Zusam¬
150 379 1701 428 menklänge zum Zwecke melodischer Ausschmückung, noch anderer harmoniefremder Nebentöne. Das Ge¬
152 425 1707 475 biet des harmonischen Theiles unserer Musiktheorie ist daher in seinen wichtigsten oder Haupttheilen, wie man sich
150 475 1707 515 nach Durchsicht des einen oder des andern der von uns mehrerwähnten theoretischen Werke selbst und vollkommen
152 515 1703 562 überzeugen kann, nicht nur längst entdeckt, sondern auch hinlänglich und tüchtig angebaut, so daß wohl in
150 560 1705 612 formeller Beziehung, namentlich in didaktischer oder methodologischer, und wenn man will, auch in kunst¬
158 607 1710 654 philosophischer Hinsicht, noch verschiedenartige andere Systeme sich aufstellen lassen mögen, jedoch in
156 650 1701 701 materieller Beziehung dürfte, obgleich die Accordformationen und die Accordverbindungen in fast unend¬
156 690 1711 739 licher Mannichfaltigkeit zur Erscheinung kommen können, keine oder kaum eine kunstvernünftig gebildete
152 739 1709 788 und verwendbare Tongestaltung vorgeführt werden, die nicht nach den Satzungen unserer seitherigen
154 785 644 836 Musiktheorie zu erklären wäre. —
