1793 2941
115 96 185 157 28
118 202 1675 251 weichung die unmittelbare Verbindung zweier tonischen Dreiklänge nicht in allen möglichen Fällen bedingt,
118 249 1675 302 ja sogar, wie wir bereits schon erörterten, ein tonischer Dreiklang als solcher großentheils erst durch das
119 297 957 341 Auftreten noch anderer nahestehender Accorde erkannt wird.
226 339 1669 389 Aber nicht nur der Tonart g-moll wurde die Aufnahme in die mit „Dur” überschriebenen Tonartengruppe
118 387 1675 441 (s. oben S. 19) verweigert, obgleich deren tonischer Accord, gleich andern Günstlingen, mit dem C-Dreiklang als
117 435 1671 483 tonische Harmonie von C-dur durch einen Ton verbunden ist, sondern auch der cis-moll-Tonart, welche (nach
120 482 1669 528 der freilich grund- und haltlosen Weitzmann'schen Maxime für die Bestimmung der Tonarten-Verwandtschaft
121 522 1682 573 und ihrer Gradation) legitime Berechtigung hätte, ist die Ehre der Aufnahme nicht zu Theil geworden. In
123 570 1675 617 gleicher Weise fehlen dann auch in der andern mit „Moll” überschriebenen Tonartengruppe die Tonarten
123 612 1572 660 D- und As-dur, die denn doch auch mit dem kleinen a-Dreiklang je durch einen Ton verbunden sind.
229 665 1675 708 Nachdem Weitzmann bisher bei seiner Verwandtschafts-Erklärungen zwei in Verbindung gebrachten
123 712 1667 756 Dreiklänge fast immer als tonische Harmonieen ansehen wollte, erklärt er jetzt nachträglich, älteren Tonlehrern
117 752 1667 802 analog, daß das Ohr bei Anhörung eines leiterfremden Accordes nicht immer die entfernteste Beziehung,
125 801 1674 850 sondern die nächste annehme und so z. B. einen großen Des-Dreiklang nach dem C-Dreiklang — natürlich
118 843 1672 891 letzteren als tonischen Accord angenommen — nicht in die um fünf Grade (sic!) entfernten Des-dur- oder
126 889 1664 936 b-moll-Tonarten verweise, sondern ihn in As-dur aufsuche *). Aber wie kommt denn der Verfasser auf
121 931 1658 981 einmal zu diesen fünf Graden?! Er hat ja in seiner Tonarten-Verwandtschaftslehre die „äußere Aehnlichkeit”
120 978 1671 1022 und die hierauf begründete Eintheilung fallen lassen und ganz Anderes gelehrt! — Anstatt nun Grundsätze
119 1019 1634 1068 aufzustellen**), um das Auftreten fremder Accorde als den nächstgelegenen Tonarten angehörig zu erklären —
120 1066 1670 1117 wozu aber wiederum die Kenntniß einer naturgemäßen Gradation unumgänglich nöthig ist und kein nach
124 1108 1670 1155 Belieben zusammengelesenes Conglomerat, ein babylonisches Gewirr von Tonarten genügen kann, — ver¬
118 1155 1671 1195 bindet Weitzmann in drei und zwanzig Beispielen den großen C-Dreiklang zuerst mit allen übrigen
121 1202 1674 1252 großen, dann mit sämmtlichen kleinen Dreiklängen in chromatischer Folge von des bis h, worauf er endlich
129 1244 1669 1286 das Resultat seiner Untersuchung fast wie eine bisher noch unbekannt gewesene Erfindung verkündet: „Die
124 1289 1678 1332 neuere Harmonielehre kann demnach mit Recht den Satz aufstellen: Einem consonirenden Accorde
124 1329 1668 1379 kann jeder andere consonirende Accord folgen.” — Und was stellt die alte Harmonielehre auf?
122 1376 1672 1419 Man schlage in guten älteren Musiktheorien nach, und man wird dann die Lehre von den Harmoniever¬
118 1420 1678 1463 bindungen, den Harmonieenschritten, der Modulation und was sonst hierher gehört, ausführlicher, geordneter
118 1468 1670 1507 und gründlicher abgehandelt finden, als dieselbe von Weitzmann, nach dem bis jetzt Dargebotenen zu ur¬
129 1504 1678 1556 theilen, gebracht werden könnte; und wäre er aber auch befähigt, diese Lehre in gleicher Vollkommenheit dar¬
130 1560 780 1604 zustellen, so käme er damit jetzt viel zu spät.
229 1593 1674 1653 Ignoriren dürfen wir nicht, daß wir die mit gesperrter Schrift hingestellte Schlußfolgerung, selbst bei
124 1649 1674 1690 der Nachsicht für das principlose, rein mechanische Aufstellen der Accorde, nicht vollständig richtig halten
128 1689 1673 1733 können. Der Folgesatz kann nämlich erst dann in der angegebenen Form gebracht werden, wenn man Bei¬
119 1737 1676 1779 spiele aufstellt, die, nicht nur mit einem großen Dreiklange anfangen, sondern auch mit einem kleinen
132 1777 1678 1818 Dreiklange beginnend, Verbindungen des letzteren mit allen übrigen kleinen und mit sämmtlichen großen
126 1819 446 1870 Dreiklängen enthalten.
232 1958 1670 2021 *) Unser Gehör vermag jedoch den großen Des-Dreiklang im vorliegenden Falle, wohl in f-moll,
281 2014 1681 2060 aber nicht in b-moll als leitereigener Accord anzuerkennen, weil für uns auf der 3. Mollstufe
275 2047 1382 2092 überhaupt kein großer, sondern nur ein übermäßiger Dreiklang residirt.
216 2098 1675 2147 **) Den Nichtbesitzern der Weber'schen „Tonsetzkunst” 2c., von welchem Werke die erste Auflage bereits
280 2139 1674 2180 vor mehr als vierzig Jahren erschienen, bringen wir aus dessen Modulationslehre, allwo von
279 2174 1680 2217 der „Stimmung des Gehörs in eine Tonart” die Rede ist, einige solcher Grundsätze zum Vergleiche
282 2214 1051 2258 der Oberflächlichkeit in dem neuesten Harmoniesystem:
385 2247 1668 2291 „Im Allgemeinen entsteht das Gefühl einer Tonart durch das Auftreten von Harmonieen,
287 2282 1675 2326 welche derselben eigen sind. Insbesondere ist also natürlich, daß beim Anhören einer Musik, wenn
282 2318 1681 2356 das Gehör noch von keiner Tonart eingenommen ist, dieses jede sich ihm zuerst darbietende harte
283 2354 1285 2400 oder weiche Dreiklangsharmonie als tonische anzunehmen geneigt ist.”
382 2382 1671 2437 „Das einmal in eine Tonart gestimmte Gehör stimmt sich nicht ohne hinreichenden Grund
284 2419 566 2468 in eine andere um.”
391 2458 1671 2501 „Das Gehör nimmt jede vorkommende Tonverbindung, welche an sich selbst in der bis¬
278 2490 1668 2532 herigen Tonart vorfindlich ist, in der Regel auch wirklich für leitereigen, nicht für eine Aus¬
285 2531 416 2581 weichung.”
391 2559 1678 2610 „Kommt hingegen dem, in eine Tonart gestimmten, Gehör eine Tonverbindung vor, welche
285 2597 1675 2639 in der bisherigen Tonart nicht vorfindlich ist, welche es sich daher unmöglich als derselben ange¬
285 2632 1677 2676 hörend erklären kann, und deßhalb für eine Ausweichung erklären muß, so sieht es dieselbe wenig¬
285 2671 1676 2716 stens als derjenigen Tonart angehörig an, welche mit der, in welche es bisher gestimmt gewesen,
286 2707 926 2751 möglichst nahe und innigst verwandt ist. 2c.” —
