<?xml version="1.0" encoding="UTF-8" standalone="yes"?>
<PcGts xmlns="http://schema.primaresearch.org/PAGE/gts/pagecontent/2013-07-15" xmlns:xsi="http://www.w3.org/2001/XMLSchema-instance" xsi:schemaLocation="http://schema.primaresearch.org/PAGE/gts/pagecontent/2013-07-15 http://schema.primaresearch.org/PAGE/gts/pagecontent/2013-07-15/pagecontent.xsd">
    <Metadata>
        <Creator>prov=University of Rostock/Institute of Mathematics/CITlab|PLANET AI GmbH/Gundram Leifert/gundram.leifert@planet-ai.de:name=ONB_Newseye_GT_M1+(htr_id=10810)::::v=2.6.7
prov=University of Rostock/Institute of Mathematics/CITlab|PLANET AI GmbH/Tobias Gruening/tobias.gruening@planet-ai.de:name=de.uros.citlab.module.baseline2polygon.B2PSeamMultiOriented:v=2.6.7
prov=University of Rostock/Institute of Mathematics/CITlab|PLANET AI GmbH/Tobias Gruening/tobias.gruening@planet-ai.de:name=/net_tf/LA73_249_0mod360.pb:de.uros.citlab.segmentation.CITlab_LA_ML:v=2.6.7
Transkribus</Creator>
        <Created>2021-02-25T18:51:16.614+01:00</Created>
        <LastChange>2021-09-04T01:04:03.704+02:00</LastChange>
        <TranskribusMetadata docId="764524" pageId="28718811" pageNr="20" tsid="64259405" status="DONE" userId="74363" imgUrl="https://files.transkribus.eu/Get?id=XIPNWHGUXTTGNYDHWGACBQQQ&amp;fileType=view" xmlUrl="https://files.transkribus.eu/Get?id=KWAXYPGUXHNLSYATJECYNXZD" imageId="22439316"/>
    </Metadata>
    <Page imageFilename="Kunkel1863-0020.jpg" imageWidth="1793" imageHeight="2941" type="content">
        <ReadingOrder>
            <OrderedGroup id="ro_1630948958194" caption="Regions reading order">
                <RegionRefIndexed index="0" regionRef="TextRegion_1614384353930_3175"/>
                <RegionRefIndexed index="1" regionRef="TextRegion_1614384353930_3174"/>
                <RegionRefIndexed index="2" regionRef="TextRegion_1614384350861_3170"/>
                <RegionRefIndexed index="3" regionRef="TextRegion_1614384336068_3166"/>
                <RegionRefIndexed index="4" regionRef="TextRegion_1614384332194_3162"/>
                <RegionRefIndexed index="5" regionRef="TextRegion_1614384317753_3158"/>
                <RegionRefIndexed index="6" regionRef="TextRegion_1614384312375_3154"/>
                <RegionRefIndexed index="8" regionRef="TextRegion_1614384302697_3146"/>
            </OrderedGroup>
        </ReadingOrder>
        <TextRegion orientation="0.0" type="page-number" id="TextRegion_1614384353930_3175" custom="readingOrder {index:0;} structure {type:page-number;}">
            <Coords points="119,121 1664,121 1664,175 119,175"/>
            <TextLine id="r1l1" custom="readingOrder {index:0;}">
                <Coords points="112,157 164,156 175,147 185,147 183,101 171,103 165,98 144,98 140,101 125,99 119,105 110,106"/>
                <Baseline points="120,143 147,143 174,141"/>
                <TextEquiv>
                    <Unicode>18</Unicode>
                </TextEquiv>
            </TextLine>
            <TextEquiv>
                <Unicode>18</Unicode>
            </TextEquiv>
        </TextRegion>
        <TextRegion orientation="0.0" type="paragraph" id="TextRegion_1614384353930_3174" custom="readingOrder {index:1;}">
            <Coords points="119,175 1664,175 1664,740 119,740"/>
            <TextLine id="r1l2" custom="readingOrder {index:0;} m_chord {offset:20; length:7;} textStyle {offset:51; length:11;fontSize:0.0; kerning:0; letterSpaced:true;} concept_phy {offset:51; length:11;} concept_phy {offset:64; length:7;}">
                <Coords points="114,250 1464,261 1657,253 1657,205 114,210"/>
                <Baseline points="124,239 200,240 276,240 352,240 428,240 504,240 580,240 656,240 732,240 808,240 885,240 961,240 1037,240 1113,240 1189,239 1265,239 1341,239 1417,239 1493,239 1569,239 1646,239"/>
                <TextEquiv>
                    <Unicode>eine Begründung der Accorde aus dem Mitklingen der Aliquottöne (Beitöne) *)? Eine solche Mittheilung</Unicode>
                </TextEquiv>
            </TextLine>
            <TextLine id="r1l3" custom="readingOrder {index:1;} work_text {offset:20; length:14;ID:W0039;}">
                <Coords points="110,298 1658,293 1581,250 110,250"/>
                <Baseline points="119,283 195,283 272,283 348,283 425,283 501,283 578,283 654,283 731,284 807,284 884,284 960,284 1037,284 1113,284 1190,284 1266,284 1343,283 1419,283 1496,283 1572,283 1649,282"/>
                <TextEquiv>
                    <Unicode>hätte man in seinem Harmoniesystem gewiß eben so wenig für überflüssig gehalten, als seine, freilich nur</Unicode>
                </TextEquiv>
            </TextLine>
            <TextLine id="r1l4" custom="readingOrder {index:2;} textStyle {offset:47; length:10;fontSize:0.0; kerning:0; letterSpaced:true;} concept_mus {offset:47; length:10;} textStyle {offset:63; length:11;fontSize:0.0; kerning:0; letterSpaced:true;} concept_mus {offset:63; length:11;} concept_phy {offset:63; length:11;} textStyle {offset:80; length:8;fontSize:0.0; kerning:0; letterSpaced:true;} m_tonality {offset:80; length:8;}">
                <Coords points="114,341 1620,339 1601,298 1404,292 114,298"/>
                <Baseline points="123,327 197,327 271,327 346,327 420,327 494,327 569,327 643,327 717,327 792,327 866,327 940,327 1015,327 1089,327 1163,327 1238,327 1312,327 1386,327 1461,327 1535,327 1610,327"/>
                <TextEquiv>
                    <Unicode>sehr mangelhafte Versuche zur Entwickelung des Tonsystems, der Consonanzen, der Tonarten 2c. —</Unicode>
                </TextEquiv>
            </TextLine>
            <TextLine id="r1l5" custom="readingOrder {index:3;} concept_mus {offset:68; length:17;}">
                <Coords points="112,381 1657,387 1657,334 112,340"/>
                <Baseline points="121,371 197,371 273,371 349,372 426,372 502,372 578,372 655,372 731,372 807,372 884,372 960,372 1036,372 1112,372 1189,371 1265,371 1341,371 1418,371 1494,371 1570,370 1647,370"/>
                <TextEquiv>
                    <Unicode>lauter Gegenstände, die auch schon längst bekannt waren, somit der „classischen Musik” angehören. Jedoch</Unicode>
                </TextEquiv>
            </TextLine>
            <TextLine id="r1l6" custom="readingOrder {index:4;}">
                <Coords points="110,427 1661,420 1660,385 1518,378 110,387"/>
                <Baseline points="119,415 195,415 272,415 348,415 425,415 501,415 578,415 654,415 731,416 807,416 884,416 961,416 1037,416 1114,416 1190,415 1267,415 1343,415 1420,414 1496,414 1573,413 1650,413"/>
                <TextEquiv>
                    <Unicode>konnte man diese Begründung, nebst den vorher gebrachten gleichfalls allgemein bekannten und in älteren</Unicode>
                </TextEquiv>
            </TextLine>
            <TextLine id="r1l7" custom="readingOrder {index:5;}">
                <Coords points="110,467 1624,474 1662,426 110,427"/>
                <Baseline points="119,458 195,458 272,459 349,459 425,459 502,459 579,459 655,460 732,460 809,460 886,460 962,460 1039,460 1116,460 1192,459 1269,459 1346,459 1422,458 1499,458 1576,457 1653,456"/>
                <TextEquiv>
                    <Unicode>Lehrbüchern gründlicher abgefaßten Mittheilungen auch umgehen; man hätte aber dann einfach in wenigen</Unicode>
                </TextEquiv>
            </TextLine>
            <TextLine id="r1l8" custom="readingOrder {index:6;} textStyle {offset:42; length:9;fontSize:0.0; kerning:0; letterSpaced:true;} concept_mus {offset:42; length:9;} textStyle {offset:57; length:10;fontSize:0.0; kerning:0; letterSpaced:true;} concept_mus {offset:57; length:10;} textStyle {offset:73; length:11;fontSize:0.0; kerning:0; letterSpaced:true;} m_interval {offset:73; length:11;}">
                <Coords points="116,514 1666,505 1528,467 116,467"/>
                <Baseline points="125,502 201,502 278,503 354,503 431,504 508,504 584,504 661,504 737,504 814,504 891,504 967,504 1044,504 1120,504 1197,503 1274,503 1350,503 1427,503 1503,502 1580,502 1657,502"/>
                <TextEquiv>
                    <Unicode>Worten sagen sollen, die Kenntniß von dem Tonsystem, der Temperatur, den Intervallen, den</Unicode>
                </TextEquiv>
            </TextLine>
            <TextLine id="r1l9" custom="readingOrder {index:7;} textStyle {offset:0; length:11;fontSize:0.0; kerning:0; letterSpaced:true;} concept_mus {offset:0; length:11;} concept_phy {offset:0; length:11;} work_text {offset:28; length:14;ID:W0039;} concept_mus {offset:82; length:13;} m_chord {offset:96; length:7;}">
                <Coords points="114,558 1662,561 1614,513 114,516"/>
                <Baseline points="124,547 200,547 276,547 353,548 429,548 506,548 582,548 658,548 735,548 811,548 888,548 964,548 1040,548 1117,548 1193,548 1270,548 1346,548 1422,547 1499,547 1575,546 1652,546"/>
                <TextEquiv>
                    <Unicode>Consonanzen 2c. wird in dem Harmoniesystem vorausgesetzt. Von der Aufstellung der leitereigenen Accorde,</Unicode>
                </TextEquiv>
            </TextLine>
            <TextLine id="r1l10" custom="readingOrder {index:8;} m_tonality {offset:19; length:10;} person_author {offset:49; length:9;ID:P0041;}">
                <Coords points="118,604 1570,604 1657,562 118,567"/>
                <Baseline points="127,592 203,592 279,592 355,592 431,592 507,592 583,592 659,592 735,593 811,593 887,593 963,593 1039,593 1115,593 1191,592 1267,592 1343,592 1419,591 1495,590 1571,590 1648,589"/>
                <TextEquiv>
                    <Unicode>namentlich für die Molltonart, konnte jedoch der Verfasser nicht entbunden bleiben, weil eben, wie schon oben</Unicode>
                </TextEquiv>
            </TextLine>
            <TextLine id="r1l11" custom="readingOrder {index:9;} concept_mus {offset:35; length:9;}">
                <Coords points="111,644 1661,644 1661,604 110,602"/>
                <Baseline points="121,634 197,635 274,635 350,635 427,635 503,636 580,636 656,636 733,636 809,636 886,636 962,636 1039,636 1115,636 1192,636 1268,635 1345,635 1421,634 1498,633 1574,632 1651,631"/>
                <TextEquiv>
                    <Unicode>in Abtheilung IV nachgewiesen, die Tonlehrer hierin nicht übereinstimmen und es sich bereits bei den</Unicode>
                </TextEquiv>
            </TextLine>
            <TextLine id="r1l12" custom="readingOrder {index:10;} concept_mus {offset:1; length:17;} concept_mus {offset:53; length:5;}">
                <Coords points="111,692 1658,684 1606,642 111,664"/>
                <Baseline points="121,679 197,679 273,679 349,680 426,680 502,680 578,680 655,680 731,680 807,680 884,680 960,680 1036,680 1112,680 1189,680 1265,679 1341,679 1418,678 1494,677 1570,676 1647,675"/>
                <TextEquiv>
                    <Unicode>„Dreiklangs-Folgen” ergeben hat und auch noch in der Folge zeigen wird, daß dieses Versäumniß dem Leser</Unicode>
                </TextEquiv>
            </TextLine>
            <TextLine id="r1l13" custom="readingOrder {index:11;} work_text {offset:11; length:14;ID:W0039;}">
                <Coords points="115,737 940,732 923,691 115,693"/>
                <Baseline points="124,724 164,724 204,723 245,723 285,723 325,723 366,723 406,723 446,723 487,723 527,723 567,724 608,724 648,724 688,724 729,724 769,724 809,724 850,723 890,723 931,723"/>
                <TextEquiv>
                    <Unicode>Manches im Harmoniesystem unklar und unbestimmt läßt.</Unicode>
                </TextEquiv>
            </TextLine>
            <TextEquiv>
                <Unicode>eine Begründung der Accorde aus dem Mitklingen der Aliquottöne (Beitöne) *)? Eine solche Mittheilung&#13;
hätte man in seinem Harmoniesystem gewiß eben so wenig für überflüssig gehalten, als seine, freilich nur&#13;
sehr mangelhafte Versuche zur Entwickelung des Tonsystems, der Consonanzen, der Tonarten 2c. —&#13;
lauter Gegenstände, die auch schon längst bekannt waren, somit der „classischen Musik” angehören. Jedoch&#13;
konnte man diese Begründung, nebst den vorher gebrachten gleichfalls allgemein bekannten und in älteren&#13;
Lehrbüchern gründlicher abgefaßten Mittheilungen auch umgehen; man hätte aber dann einfach in wenigen&#13;
Worten sagen sollen, die Kenntniß von dem Tonsystem, der Temperatur, den Intervallen, den&#13;
Consonanzen 2c. wird in dem Harmoniesystem vorausgesetzt. Von der Aufstellung der leitereigenen Accorde,&#13;
namentlich für die Molltonart, konnte jedoch der Verfasser nicht entbunden bleiben, weil eben, wie schon oben&#13;
in Abtheilung IV nachgewiesen, die Tonlehrer hierin nicht übereinstimmen und es sich bereits bei den&#13;
„Dreiklangs-Folgen” ergeben hat und auch noch in der Folge zeigen wird, daß dieses Versäumniß dem Leser&#13;
Manches im Harmoniesystem unklar und unbestimmt läßt.</Unicode>
            </TextEquiv>
        </TextRegion>
        <TextRegion orientation="0.0" type="paragraph" id="TextRegion_1614384350861_3170" custom="readingOrder {index:2;}">
            <Coords points="119,740 1664,740 1664,932 119,932"/>
            <TextLine id="r1l14" custom="readingOrder {index:0;} person_author {offset:62; length:9;ID:P0041;}">
                <Coords points="217,789 1538,787 1550,740 217,745"/>
                <Baseline points="226,775 291,775 357,775 423,775 488,775 554,775 620,775 685,776 751,776 817,776 883,776 948,777 1014,777 1080,777 1145,777 1211,777 1277,777 1342,776 1408,776 1474,775 1540,774"/>
                <TextEquiv>
                    <Unicode>Mit einer gewissen Betonung und Wichtigmacherei läßt sich der Verfasser hierauf weiter aus:</Unicode>
                </TextEquiv>
            </TextLine>
            <TextLine id="r1l15" custom="readingOrder {index:1;} concept_mus {offset:82; length:15;}">
                <Coords points="217,845 1648,844 1669,796 217,801"/>
                <Baseline points="227,827 298,827 370,827 441,828 513,828 585,828 656,829 728,829 800,829 871,830 943,830 1015,830 1086,830 1158,830 1230,830 1301,830 1373,829 1445,829 1516,828 1588,828 1660,827"/>
                <TextEquiv>
                    <Unicode>„Jetzt aber schreiten wir zur Beantwortung der Frage: Mit welchem Rechte läßt die neuere Tonkunst</Unicode>
                </TextEquiv>
            </TextLine>
            <TextLine id="line_1614384488088_3225" custom="readingOrder {index:2;} m_chord {offset:9; length:7;} m_tonality {offset:68; length:6;}">
                <Coords points="113,891 1662,886 1662,843 113,848"/>
                <Baseline points="123,875 148,874 174,873 199,872 225,871 258,871 327,871 397,872 467,872 536,872 606,872 676,873 745,873 815,873 885,873 955,873 1024,873 1094,873 1164,873 1233,873 1303,873 1373,873 1442,873 1512,872 1582,872 1652,871"/>
                <TextEquiv>
                    <Unicode>zuweilen Accorde auf einander folgen, die nicht einer und derselben Tonart, sondern oft den von einander</Unicode>
                </TextEquiv>
            </TextLine>
            <TextLine id="r1l18" custom="readingOrder {index:3;} m_tonality {offset:14; length:8;}">
                <Coords points="112,930 432,918 488,933 613,915 612,888 582,883 112,888"/>
                <Baseline points="122,917 147,916 172,916 197,916 223,916 248,916 273,916 298,916 324,916 349,916 374,916 399,916 425,916 450,916 475,916 500,915 526,914 551,913 576,912 602,911"/>
                <TextEquiv>
                    <Unicode>entferntesten Tonarten angehören?”</Unicode>
                </TextEquiv>
            </TextLine>
            <TextEquiv>
                <Unicode>Mit einer gewissen Betonung und Wichtigmacherei läßt sich der Verfasser hierauf weiter aus:&#13;
„Jetzt aber schreiten wir zur Beantwortung der Frage: Mit welchem Rechte läßt die neuere Tonkunst&#13;
zuweilen Accorde auf einander folgen, die nicht einer und derselben Tonart, sondern oft den von einander&#13;
entferntesten Tonarten angehören?”</Unicode>
            </TextEquiv>
        </TextRegion>
        <TextRegion orientation="0.0" type="paragraph" id="TextRegion_1614384336068_3166" custom="readingOrder {index:3;}">
            <Coords points="119,932 1664,932 1664,1121 119,1121"/>
            <TextLine id="r1l19" custom="readingOrder {index:0;}">
                <Coords points="215,980 1664,987 1664,946 1610,938 215,937"/>
                <Baseline points="225,970 296,969 367,969 439,969 510,969 582,970 653,970 725,970 796,970 868,971 939,971 1010,971 1082,972 1153,972 1225,972 1296,972 1368,972 1439,972 1511,971 1582,971 1654,970"/>
                <TextEquiv>
                    <Unicode>Da man hiernach zu urtheilen auf diese Untersuchung einen bedeutungsvollen Werth zu legen scheint,</Unicode>
                </TextEquiv>
            </TextLine>
            <TextLine id="r1l20" custom="readingOrder {index:1;}">
                <Coords points="115,1028 1549,1030 1656,986 115,989"/>
                <Baseline points="125,1014 201,1013 277,1013 353,1013 429,1013 505,1013 581,1013 657,1013 733,1014 809,1014 885,1015 961,1015 1037,1016 1113,1016 1189,1016 1265,1016 1341,1016 1417,1016 1493,1015 1569,1014 1646,1013"/>
                <TextEquiv>
                    <Unicode>als sei mit dem Resultat aus derselben zum großen Theile die gestellte hohe Mission erfüllt, das noch Uner¬</Unicode>
                </TextEquiv>
            </TextLine>
            <TextLine id="r1l21" custom="readingOrder {index:2;}">
                <Coords points="110,1068 1668,1065 1656,1026 110,1026"/>
                <Baseline points="120,1059 196,1058 273,1057 350,1057 427,1057 504,1057 581,1057 658,1058 735,1058 812,1059 889,1059 965,1060 1042,1060 1119,1061 1196,1061 1273,1061 1350,1060 1427,1060 1504,1059 1581,1058 1658,1056"/>
                <TextEquiv>
                    <Unicode>klärte geklärt oder mindestens doch hierzu der Weg gut planirt, so wollen wir diese Untersuchung möglichst</Unicode>
                </TextEquiv>
            </TextLine>
            <TextLine id="r1l22" custom="readingOrder {index:3;} person_author {offset:34; length:9;ID:P0041;}">
                <Coords points="110,1118 1337,1116 1337,1074 1289,1072 110,1074"/>
                <Baseline points="119,1102 179,1101 239,1101 300,1101 360,1101 421,1101 481,1102 542,1102 602,1102 663,1102 723,1103 783,1103 844,1103 904,1104 965,1104 1025,1104 1086,1104 1146,1104 1207,1104 1267,1104 1328,1103"/>
                <TextEquiv>
                    <Unicode>vollständig bringen und daher den Verfasser, so weit hierzu nöthig, selbst reden lassen:</Unicode>
                </TextEquiv>
            </TextLine>
            <TextEquiv>
                <Unicode>Da man hiernach zu urtheilen auf diese Untersuchung einen bedeutungsvollen Werth zu legen scheint,
als sei mit dem Resultat aus derselben zum großen Theile die gestellte hohe Mission erfüllt, das noch Uner¬
klärte geklärt oder mindestens doch hierzu der Weg gut planirt, so wollen wir diese Untersuchung möglichst
vollständig bringen und daher den Verfasser, so weit hierzu nöthig, selbst reden lassen:</Unicode>
            </TextEquiv>
        </TextRegion>
        <TextRegion orientation="0.0" type="paragraph" id="TextRegion_1614384332194_3162" custom="readingOrder {index:4;}">
            <Coords points="119,1121 1664,1121 1664,1745 119,1745"/>
            <TextLine id="r1l23" custom="readingOrder {index:0;} concept_mus {offset:5; length:14;} m_tonality {offset:24; length:8;}">
                <Coords points="221,1168 1660,1164 1660,1122 221,1122"/>
                <Baseline points="231,1155 302,1155 373,1154 444,1154 515,1154 586,1155 657,1155 728,1155 799,1155 870,1156 941,1156 1012,1156 1083,1157 1154,1157 1225,1157 1296,1157 1367,1157 1438,1156 1509,1156 1580,1155 1651,1154"/>
                <TextEquiv>
                    <Unicode>„Die Verwandtschaft der Tonarten nach Graden ist diejenige, wo die größte Aehnlichkeit derselben in</Unicode>
                </TextEquiv>
            </TextLine>
            <TextLine id="r1l24" custom="readingOrder {index:1;} m_note {offset:6; length:10;} m_tonality {offset:59; length:6;} textStyle {offset:59; length:1;italic:true; fontSize:0.0; kerning:0;} m_tonality {offset:74; length:12;} textStyle {offset:74; length:1;italic:true; fontSize:0.0; kerning:0;}">
                <Coords points="114,1214 1668,1213 1668,1170 114,1170"/>
                <Baseline points="123,1199 199,1199 276,1199 353,1199 430,1199 506,1199 583,1199 660,1199 737,1199 813,1200 890,1200 967,1200 1044,1200 1120,1200 1197,1201 1274,1201 1351,1201 1427,1201 1504,1201 1581,1200 1658,1200"/>
                <TextEquiv>
                    <Unicode>ihren Stammtönen als maßgebend betrachtet wird. So ist die C-dur- von der G-dur-Tonart um</Unicode>
                </TextEquiv>
            </TextLine>
            <TextLine id="r1l25" custom="readingOrder {index:2;} m_note {offset:75; length:4;}">
                <Coords points="116,1251 1668,1253 1630,1210 116,1216"/>
                <Baseline points="125,1243 201,1243 278,1243 355,1243 431,1243 508,1243 585,1243 661,1244 738,1244 815,1244 892,1244 968,1245 1045,1245 1122,1245 1198,1245 1275,1245 1352,1245 1428,1245 1505,1245 1582,1244 1659,1243"/>
                <TextEquiv>
                    <Unicode>einen Grad entfernt, weil in beiden der Unterschied derselben nur in einem Tone besteht. Eben so verhält</Unicode>
                </TextEquiv>
            </TextLine>
            <TextLine id="r1l26" custom="readingOrder {index:3;} m_tonality {offset:9; length:6;} textStyle {offset:9; length:1;italic:true; fontSize:0.0; kerning:0;} m_tonality {offset:20; length:12;} textStyle {offset:20; length:1;italic:true; fontSize:0.0; kerning:0;} m_tonality {offset:45; length:7;} textStyle {offset:45; length:1;italic:true; fontSize:0.0; kerning:0;} m_tonality {offset:57; length:7;} textStyle {offset:57; length:1;italic:true; fontSize:0.0; kerning:0;} m_tonality {offset:73; length:13;} textStyle {offset:73; length:1;italic:true; fontSize:0.0; kerning:0;}">
                <Coords points="121,1306 1670,1301 1647,1257 121,1258"/>
                <Baseline points="131,1287 207,1287 283,1287 360,1287 436,1287 513,1287 589,1287 666,1287 742,1288 819,1288 895,1288 971,1289 1048,1289 1124,1289 1201,1289 1277,1289 1354,1289 1430,1289 1507,1289 1583,1288 1660,1288"/>
                <TextEquiv>
                    <Unicode>sich die C-dur- zur F-dur-Tonart, ferner die A-moll- zur E-moll- und zur D-moll-Tonart, während die</Unicode>
                </TextEquiv>
            </TextLine>
            <TextLine id="r1l27" custom="readingOrder {index:4;} m_note {offset:8; length:9;} m_tonality {offset:28; length:16;} m_tonality {offset:50; length:5;} textStyle {offset:50; length:1;italic:true; fontSize:0.0; kerning:0;} m_tonality {offset:60; length:6;} textStyle {offset:60; length:1;italic:true; fontSize:0.0; kerning:0;}">
                <Coords points="118,1347 1651,1348 1665,1304 118,1306"/>
                <Baseline points="127,1333 203,1332 279,1332 356,1332 432,1331 509,1331 585,1331 661,1332 738,1332 814,1332 891,1332 967,1333 1043,1333 1120,1333 1196,1333 1273,1333 1349,1333 1425,1333 1502,1333 1578,1332 1655,1331"/>
                <TextEquiv>
                    <Unicode>gleiche Stammtöne zeigenden Paralleltonarten, wie C-dur und A-moll, als das männliche und weibliche</Unicode>
                </TextEquiv>
            </TextLine>
            <TextLine id="r1l28" custom="readingOrder {index:5;} concept_mus {offset:28; length:21;} m_note {offset:95; length:8;}">
                <Coords points="118,1391 1663,1388 1663,1346 119,1347"/>
                <Baseline points="128,1374 204,1374 280,1374 356,1375 433,1375 509,1375 585,1375 662,1376 738,1376 814,1376 891,1377 967,1377 1043,1377 1119,1377 1196,1377 1272,1377 1348,1377 1425,1377 1501,1377 1577,1376 1654,1376"/>
                <TextEquiv>
                    <Unicode>Princip eines und desselben Verwandtschaftsgrades [?] angesehen werden. Lassen wir demnach den Hauptton</Unicode>
                </TextEquiv>
            </TextLine>
            <TextLine id="r1l29" custom="readingOrder {index:6;} m_tonality {offset:6; length:4;} m_tonality {offset:22; length:10;} m_interval {offset:41; length:6;} m_note {offset:80; length:9;}">
                <Coords points="118,1428 1661,1429 1636,1387 118,1393"/>
                <Baseline points="128,1421 204,1421 280,1420 356,1420 432,1419 508,1419 584,1419 661,1420 737,1420 813,1420 889,1421 965,1421 1041,1421 1117,1421 1194,1422 1270,1422 1346,1422 1422,1421 1498,1421 1574,1420 1651,1419"/>
                <TextEquiv>
                    <Unicode>einer Dur- oder einer Molltonart um eine Quinte steigen, so gelangen wir zu dem Haupttone einer in</Unicode>
                </TextEquiv>
            </TextLine>
            <TextLine id="r1l30" custom="readingOrder {index:7;} textStyle {offset:29; length:5;fontSize:0.0; kerning:0; letterSpaced:true;} m_tonality {offset:49; length:6;} m_interval {offset:87; length:6;}">
                <Coords points="121,1474 1663,1477 1648,1432 121,1433"/>
                <Baseline points="131,1462 207,1463 283,1463 359,1463 435,1463 511,1463 587,1464 663,1464 739,1464 815,1464 892,1465 968,1465 1044,1465 1120,1465 1196,1465 1272,1465 1348,1465 1424,1465 1500,1465 1576,1465 1653,1464"/>
                <TextEquiv>
                    <Unicode>Beziehung auf die erstere um einen Grad erhöhten Tonart. Lassen wir ihn ebenso um eine Quinte</Unicode>
                </TextEquiv>
            </TextLine>
            <TextLine id="r1l31" custom="readingOrder {index:8;} m_note {offset:32; length:8;} textStyle {offset:79; length:5;fontSize:0.0; kerning:0; letterSpaced:true;} textStyle {offset:90; length:10;fontSize:0.0; kerning:0; letterSpaced:true;}">
                <Coords points="117,1522 1666,1516 1606,1474 117,1476"/>
                <Baseline points="127,1509 203,1508 279,1508 356,1507 432,1507 509,1507 585,1507 662,1508 738,1508 815,1508 891,1508 967,1509 1044,1509 1120,1509 1197,1509 1273,1509 1350,1510 1426,1509 1503,1509 1579,1509 1656,1508"/>
                <TextEquiv>
                    <Unicode>fallen, so treffen wir hier den Hauptton einer im Verhältnisse zum ersteren um einen Grad vertieften</Unicode>
                </TextEquiv>
            </TextLine>
            <TextLine id="r1l32" custom="readingOrder {index:9;} m_tonality {offset:0; length:6;} m_tonality {offset:15; length:5;} textStyle {offset:15; length:1;italic:true; fontSize:0.0; kerning:0;} m_tonality {offset:44; length:6;} textStyle {offset:44; length:1;italic:true; fontSize:0.0; kerning:0;} m_tonality {offset:56; length:12;} textStyle {offset:56; length:1;italic:true; fontSize:0.0; kerning:0;}">
                <Coords points="114,1560 1668,1564 1624,1521 114,1524"/>
                <Baseline points="123,1553 199,1553 276,1552 353,1552 430,1552 506,1552 583,1552 660,1552 737,1552 813,1552 890,1552 967,1553 1044,1553 1120,1553 1197,1553 1274,1554 1351,1554 1427,1554 1504,1553 1581,1553 1658,1553"/>
                <TextEquiv>
                    <Unicode>Tonart an. Die C-dur ist demzufolge von der D-dur- oder B-dur-Tonart um zwei Grade entfernt. Nun</Unicode>
                </TextEquiv>
            </TextLine>
            <TextLine id="r1l33" custom="readingOrder {index:10;} concept_mus {offset:25; length:20;} m_tonality {offset:68; length:8;}">
                <Coords points="122,1610 1663,1604 1648,1563 122,1562"/>
                <Baseline points="131,1595 207,1595 283,1595 359,1596 435,1596 511,1596 587,1596 664,1596 740,1597 816,1597 892,1597 968,1597 1044,1598 1120,1598 1197,1598 1273,1598 1349,1598 1425,1598 1501,1597 1577,1597 1654,1596"/>
                <TextEquiv>
                    <Unicode>bleiben diese im zweiten Verwandtschaftsgrade zu einander stehenden Tonarten aber grade in der Hauptsache</Unicode>
                </TextEquiv>
            </TextLine>
            <TextLine id="r1l34" custom="readingOrder {index:11;} concept_mus {offset:14; length:9;} m_chord {offset:24; length:11;} m_note {offset:43; length:9;} concept_mus {offset:60; length:13;} concept_phy {offset:60; length:13;} concept_mus {offset:74; length:12;} m_interval {offset:93; length:7;}">
                <Coords points="115,1658 1667,1653 1667,1613 115,1608"/>
                <Baseline points="125,1642 201,1641 278,1641 354,1640 431,1640 508,1640 584,1640 661,1640 737,1640 814,1641 891,1641 967,1641 1044,1641 1120,1642 1197,1642 1274,1642 1350,1641 1427,1641 1503,1641 1580,1640 1657,1639"/>
                <TextEquiv>
                    <Unicode>[?], in ihren tonischen Dreiklängen, deren Grundtöne in dem dissonirenden Verhältnisse einer Secunde zu</Unicode>
                </TextEquiv>
            </TextLine>
            <TextLine id="r1l35" custom="readingOrder {index:12;} m_chord {offset:42; length:15;} m_tonality {offset:62; length:8;}">
                <Coords points="118,1693 1668,1692 1603,1650 118,1658"/>
                <Baseline points="128,1684 204,1683 281,1683 357,1683 434,1683 510,1683 587,1683 663,1683 740,1684 816,1684 893,1685 970,1685 1046,1685 1123,1685 1199,1685 1276,1685 1352,1685 1429,1685 1505,1684 1582,1683 1659,1681"/>
                <TextEquiv>
                    <Unicode>einander stehen, unverbunden, während die Hauptdreiklänge der Tonarten dritten und vierten Grades, sich als</Unicode>
                </TextEquiv>
            </TextLine>
            <TextLine id="r1l36" custom="readingOrder {index:13;} concept_mus {offset:0; length:10;} concept_mus {offset:12; length:13;} m_chord {offset:26; length:7;}">
                <Coords points="113,1739 738,1740 750,1698 113,1699"/>
                <Baseline points="123,1725 153,1725 184,1725 215,1725 246,1725 277,1725 308,1725 338,1725 369,1725 400,1725 431,1725 462,1725 493,1725 524,1725 554,1725 585,1725 616,1725 647,1725 678,1726 709,1726 740,1727"/>
                <TextEquiv>
                    <Unicode>verbundene, terzverwandte Accorde erweisen.</Unicode>
                </TextEquiv>
            </TextLine>
            <TextEquiv>
                <Unicode>„Die Verwandtschaft der Tonarten nach Graden ist diejenige, wo die größte Aehnlichkeit derselben in&#13;
ihren Stammtönen als maßgebend betrachtet wird. So ist die C-dur- von der G-dur-Tonart um&#13;
einen Grad entfernt, weil in beiden der Unterschied derselben nur in einem Tone besteht. Eben so verhält&#13;
sich die C-dur- zur F-dur-Tonart, ferner die A-moll- zur E-moll- und zur D-moll-Tonart, während die&#13;
gleiche Stammtöne zeigenden Paralleltonarten, wie C-dur und A-moll, als das männliche und weibliche&#13;
Princip eines und desselben Verwandtschaftsgrades [?] angesehen werden. Lassen wir demnach den Hauptton&#13;
einer Dur- oder einer Molltonart um eine Quinte steigen, so gelangen wir zu dem Haupttone einer in&#13;
Beziehung auf die erstere um einen Grad erhöhten Tonart. Lassen wir ihn ebenso um eine Quinte&#13;
fallen, so treffen wir hier den Hauptton einer im Verhältnisse zum ersteren um einen Grad vertieften&#13;
Tonart an. Die C-dur ist demzufolge von der D-dur- oder B-dur-Tonart um zwei Grade entfernt. Nun&#13;
bleiben diese im zweiten Verwandtschaftsgrade zu einander stehenden Tonarten aber grade in der Hauptsache&#13;
[?], in ihren tonischen Dreiklängen, deren Grundtöne in dem dissonirenden Verhältnisse einer Secunde zu&#13;
einander stehen, unverbunden, während die Hauptdreiklänge der Tonarten dritten und vierten Grades, sich als&#13;
verbundene, terzverwandte Accorde erweisen.</Unicode>
            </TextEquiv>
        </TextRegion>
        <TextRegion orientation="0.0" id="TextRegion_1614384317753_3158" custom="readingOrder {index:5;} structure {type:paragraph-continued;}">
            <Coords points="119,1745 1664,1745 1664,2057 119,2057"/>
            <TextLine id="r1l37" custom="readingOrder {index:0;} m_note {offset:34; length:9;} m_chord {offset:74; length:13;}">
                <Coords points="222,1795 1418,1804 1670,1789 1670,1748 222,1752"/>
                <Baseline points="232,1783 303,1783 374,1783 446,1783 517,1783 589,1783 660,1783 732,1783 803,1783 875,1783 946,1784 1017,1784 1089,1784 1160,1784 1232,1784 1303,1784 1375,1783 1446,1783 1518,1782 1589,1782 1661,1781"/>
                <TextEquiv>
                    <Unicode>Nicht die äußere Aehnlichkeit der Stammtöne, sondern die Verbindungen des Hauptaccordes werden</Unicode>
                </TextEquiv>
            </TextLine>
            <TextLine id="r1l38" custom="readingOrder {index:1;} concept_mus {offset:88; length:10;}">
                <Coords points="114,1835 1664,1835 1630,1795 114,1797"/>
                <Baseline points="123,1825 199,1825 276,1825 352,1826 429,1826 505,1826 582,1826 658,1826 735,1826 811,1827 888,1827 965,1827 1041,1827 1118,1826 1194,1826 1271,1826 1347,1826 1424,1826 1500,1825 1577,1825 1654,1824"/>
                <TextEquiv>
                    <Unicode>uns also sichere Anhaltepunkte gewähren, gleichzeitig auch die näheren und entfernteren Verwandten der</Unicode>
                </TextEquiv>
            </TextLine>
            <TextLine id="r1l39" custom="readingOrder {index:2;} m_tonality {offset:0; length:6;} concept_mus {offset:26; length:15;} textStyle {offset:42; length:7;fontSize:0.0; kerning:0; letterSpaced:true;} m_chord {offset:42; length:7;}">
                <Coords points="122,1883 1668,1877 1628,1833 122,1835"/>
                <Baseline points="131,1870 207,1870 283,1869 360,1869 436,1869 513,1869 589,1869 665,1869 742,1869 818,1869 895,1870 971,1870 1047,1870 1124,1870 1200,1870 1277,1870 1353,1870 1429,1869 1506,1869 1582,1868 1659,1867"/>
                <TextEquiv>
                    <Unicode>Tonart zu erforschen. Als nächstverwandte Accorde erscheinen uns diejenigen, welche ein und derselben</Unicode>
                </TextEquiv>
            </TextLine>
            <TextLine id="r1l40" custom="readingOrder {index:3;} m_tonality {offset:0; length:6;} textStyle {offset:41; length:5;fontSize:0.0; kerning:0; letterSpaced:true;} m_note {offset:47; length:4;} textStyle {offset:76; length:14;fontSize:0.0; kerning:0; letterSpaced:true;} concept_mus {offset:76; length:14;} m_chord {offset:91; length:7;}">
                <Coords points="115,1924 1669,1925 1627,1882 115,1883"/>
                <Baseline points="124,1914 200,1913 277,1913 354,1912 431,1912 508,1912 584,1912 661,1912 738,1913 815,1913 892,1913 968,1913 1045,1913 1122,1914 1199,1914 1276,1914 1352,1914 1429,1913 1506,1913 1583,1912 1660,1912"/>
                <TextEquiv>
                    <Unicode>Tonart angehören und von einander nur in einem Tone unterschieden sind: die terzverwandten Accorde.</Unicode>
                </TextEquiv>
            </TextLine>
            <TextLine id="r1l41" custom="readingOrder {index:4;} concept_mus {offset:21; length:10;} m_chord {offset:36; length:17;} textStyle {offset:36; length:1;italic:true; fontSize:0.0; kerning:0;} m_chord {offset:59; length:7;} textStyle {offset:59; length:1;italic:true; fontSize:0.0; kerning:0;} m_chord {offset:75; length:16;} textStyle {offset:75; length:1;italic:true; fontSize:0.0; kerning:0;}">
                <Coords points="121,1972 1666,1964 1624,1922 121,1922"/>
                <Baseline points="131,1957 207,1957 283,1956 359,1956 436,1956 512,1956 588,1956 665,1956 741,1956 817,1956 894,1956 970,1957 1046,1957 1122,1957 1199,1957 1275,1957 1351,1957 1428,1956 1504,1956 1580,1955 1657,1955"/>
                <TextEquiv>
                    <Unicode>So sind die nächsten Verwandten des C-dur-Dreiklanges, der A-moll- und der E-moll-Dreiklang. Eine</Unicode>
                </TextEquiv>
            </TextLine>
            <TextEquiv>
                <Unicode>Nicht die äußere Aehnlichkeit der Stammtöne, sondern die Verbindungen des Hauptaccordes werden&#13;
uns also sichere Anhaltepunkte gewähren, gleichzeitig auch die näheren und entfernteren Verwandten der&#13;
Tonart zu erforschen. Als nächstverwandte Accorde erscheinen uns diejenigen, welche ein und derselben&#13;
Tonart angehören und von einander nur in einem Tone unterschieden sind: die terzverwandten Accorde.&#13;
So sind die nächsten Verwandten des C-dur-Dreiklanges, der A-moll- und der E-moll-Dreiklang. Eine</Unicode>
            </TextEquiv>
        </TextRegion>
        <TextRegion orientation="0.0" type="footnote-continued" id="TextRegion_1614384312375_3154" custom="readingOrder {index:6;} structure {type:footnote-continued;}">
            <Coords points="119,2057 1664,2057 1664,2266 119,2266"/>
            <TextLine id="line_1614384559503_3284" custom="readingOrder {index:0;} concept_phy {offset:7; length:7;} m_note {offset:48; length:4;} m_note {offset:77; length:4;}">
                <Coords points="232,2120 1667,2123 1667,2067 232,2066"/>
                <Baseline points="242,2101 252,2101 280,2110 333,2109 386,2109 440,2109 493,2109 547,2109 600,2110 654,2110 707,2110 761,2110 814,2110 867,2110 921,2110 974,2110 1028,2110 1081,2110 1135,2110 1188,2110 1242,2110 1295,2109 1349,2109 1372,2110 1397,2110 1423,2109 1449,2109 1475,2109 1501,2109 1527,2109 1553,2109 1579,2109 1605,2109 1631,2110 1657,2109"/>
                <TextEquiv>
                    <Unicode>*) Die Akustik lehrt bekanntlich, daß mit einem Tone noch eine Menge anderer Töne leise mitklingen,</Unicode>
                </TextEquiv>
            </TextLine>
            <TextLine id="r1l45" custom="readingOrder {index:1;} textStyle {offset:7; length:11;fontSize:0.0; kerning:0; letterSpaced:true;} concept_phy {offset:7; length:11;} textStyle {offset:20; length:9;fontSize:0.0; kerning:0; letterSpaced:true;} concept_phy {offset:20; length:9;} textStyle {offset:40; length:7;fontSize:0.0; kerning:0; letterSpaced:true;} concept_phy {offset:40; length:7;}">
                <Coords points="269,2155 1645,2159 1664,2116 269,2122"/>
                <Baseline points="279,2145 347,2145 416,2145 485,2145 554,2145 622,2145 691,2145 760,2146 829,2146 897,2146 966,2146 1035,2146 1104,2146 1172,2146 1241,2146 1310,2146 1379,2145 1447,2145 1516,2145 1585,2145 1654,2144"/>
                <TextEquiv>
                    <Unicode>welche Aliquottöne, Theiltöne oder auch Beitöne genannt werden. Die auf solche Weise</Unicode>
                </TextEquiv>
            </TextLine>
            <TextLine id="r1l46" custom="readingOrder {index:2;} m_note {offset:8; length:8;} concept_mus {offset:23; length:5;} concept_phy {offset:52; length:4;} concept_mus {offset:78; length:11;}">
                <Coords points="274,2188 1667,2186 1629,2151 274,2155"/>
                <Baseline points="283,2179 351,2179 420,2179 489,2179 557,2179 626,2180 695,2180 763,2180 832,2180 901,2181 970,2181 1038,2181 1107,2181 1176,2181 1244,2181 1313,2181 1382,2181 1450,2181 1519,2180 1588,2180 1657,2179"/>
                <TextEquiv>
                    <Unicode>mit dem Grundton einer Saite erklingenden 16 ersten Töne sind auch jene eines Naturhornes oder</Unicode>
                </TextEquiv>
            </TextLine>
            <TextLine id="r1l47" custom="readingOrder {index:3;} concept_mus {offset:6; length:13;} textStyle {offset:47; length:1;italic:true; fontSize:0.0; kerning:0;} m_note {offset:47; length:1;} m_note {offset:53; length:8;}">
                <Coords points="276,2222 1659,2234 1659,2186 276,2189"/>
                <Baseline points="285,2215 353,2215 421,2216 489,2216 558,2216 626,2217 694,2217 762,2217 831,2217 899,2217 967,2217 1035,2217 1104,2217 1172,2217 1240,2217 1308,2217 1377,2217 1445,2217 1513,2216 1581,2216 1650,2216"/>
                <TextEquiv>
                    <Unicode>einer Naturtrompete. Nähme man z. B. das große C als Grundton an, so ergäbe sich nach¬</Unicode>
                </TextEquiv>
            </TextLine>
            <TextLine id="r1l48" custom="readingOrder {index:4;} concept_phy {offset:9; length:8;}">
                <Coords points="273,2267 302,2259 323,2269 338,2259 388,2259 487,2261 506,2269 539,2259 539,2227 273,2222"/>
                <Baseline points="283,2250 310,2251 337,2251 365,2252 392,2252 419,2252 447,2251 474,2251 501,2251 529,2252"/>
                <TextEquiv>
                    <Unicode>stehende Tonreihe:</Unicode>
                </TextEquiv>
            </TextLine>
            <TextEquiv>
                <Unicode>*) Die Akustik lehrt bekanntlich, daß mit einem Tone noch eine Menge anderer Töne leise mitklingen,
welche Aliquottöne, Theiltöne oder auch Beitöne genannt werden. Die auf solche Weise
mit dem Grundton einer Saite erklingenden 16 ersten Töne sind auch jene eines Naturhornes oder
einer Naturtrompete. Nähme man z. B. das große C als Grundton an, so ergäbe sich nach¬
stehende Tonreihe:</Unicode>
            </TextEquiv>
        </TextRegion>
        <GraphicRegion id="Graphic_1614384441775_3183" custom="readingOrder {index:7;} structure {type:floating;}">
            <Coords points="119,2266 1664,2266 1664,2412 119,2412"/>
        </GraphicRegion>
        <TextRegion orientation="0.0" type="footnote" id="TextRegion_1614384302697_3146" custom="readingOrder {index:8;} structure {type:footnote;}">
            <Coords points="119,2412 1664,2412 1664,2736 119,2736"/>
            <TextLine id="r1l52" custom="readingOrder {index:0;} m_note {offset:25; length:5;} m_note {offset:74; length:7;}">
                <Coords points="273,2458 1641,2453 1672,2405 273,2410"/>
                <Baseline points="283,2443 352,2444 421,2444 490,2445 559,2445 628,2445 697,2445 766,2445 835,2445 904,2445 973,2445 1042,2445 1111,2445 1180,2445 1249,2445 1318,2444 1387,2444 1456,2444 1525,2443 1594,2443 1663,2443"/>
                <TextEquiv>
                    <Unicode>Man wird in den 6 ersten Tönen, die auch erfahrungsgemäß als stärkste der Beitöne vernommen</Unicode>
                </TextEquiv>
            </TextLine>
            <TextLine id="line_1614384573285_3303" custom="readingOrder {index:1;} m_chord {offset:37; length:12;} textStyle {offset:37; length:1;italic:true; fontSize:0.0; kerning:0;} textStyle {offset:86; length:5;italic:true; fontSize:0.0; kerning:0;}">
                <Coords points="276,2487 1346,2508 1671,2491 1671,2452 276,2458"/>
                <Baseline points="285,2479 348,2479 411,2479 474,2479 537,2479 600,2479 663,2479 726,2480 789,2480 852,2480 915,2480 978,2480 1041,2480 1104,2480 1167,2480 1230,2480 1293,2480 1356,2480 1419,2479 1482,2479 1546,2478 1558,2477 1584,2478 1610,2477 1636,2477 1662,2477"/>
                <TextEquiv>
                    <Unicode>werden, die Bestandtheile des großen C-Dreiklangs erkennen. Die mit dem Zeichen: „—” (minus)</Unicode>
                </TextEquiv>
            </TextLine>
            <TextLine id="r1l55" custom="readingOrder {index:2;} m_note {offset:13; length:4;} textStyle {offset:74; length:4;italic:true; fontSize:0.0; kerning:0;} m_note {offset:92; length:3;}">
                <Coords points="278,2525 1663,2525 1674,2490 277,2487"/>
                <Baseline points="287,2514 355,2514 424,2515 493,2515 562,2515 631,2516 700,2516 768,2515 837,2515 906,2515 975,2515 1044,2515 1113,2514 1182,2514 1250,2514 1319,2514 1388,2513 1457,2513 1526,2513 1595,2513 1664,2513"/>
                <TextEquiv>
                    <Unicode>bezeichneten Töne unter 7, 13 und 14 sind etwas tiefer, und der mit: „+” (plus) bezeichnete Ton</Unicode>
                </TextEquiv>
            </TextLine>
            <TextLine id="r1l56" custom="readingOrder {index:3;} m_note {offset:77; length:4;} concept_mus {offset:89; length:4; continued:true;}">
                <Coords points="273,2558 1616,2562 1669,2524 273,2527"/>
                <Baseline points="282,2550 350,2550 419,2550 488,2550 557,2551 626,2551 695,2551 764,2551 833,2551 902,2551 971,2551 1039,2551 1108,2551 1177,2550 1246,2550 1315,2550 1384,2550 1453,2549 1522,2549 1591,2548 1660,2548"/>
                <TextEquiv>
                    <Unicode>unter 11 etwas höher, als die beziehlichen durch die Buchstaben angedeuteten Töne unsers Ton¬</Unicode>
                </TextEquiv>
            </TextLine>
            <TextLine id="r1l57" custom="readingOrder {index:4;} concept_mus {offset:0; length:7; continued:true;}">
                <Coords points="277,2599 1664,2599 1664,2561 1604,2557 277,2557"/>
                <Baseline points="287,2584 355,2584 423,2584 492,2585 560,2585 628,2585 697,2585 765,2585 833,2585 902,2586 970,2586 1038,2586 1107,2585 1175,2585 1243,2585 1312,2585 1380,2585 1448,2585 1517,2584 1585,2584 1654,2584"/>
                <TextEquiv>
                    <Unicode>systems. — Ueber die quasi Nothwendigkeit und resp. deren Gegentheil einer solchen Begründung</Unicode>
                </TextEquiv>
            </TextLine>
            <TextLine id="r1l58" custom="readingOrder {index:5;} concept_mus {offset:15; length:18;}">
                <Coords points="273,2637 1554,2635 1671,2627 1671,2594 273,2597"/>
                <Baseline points="283,2619 351,2620 420,2620 489,2620 558,2621 627,2621 696,2621 765,2621 834,2621 903,2621 972,2621 1040,2621 1109,2621 1178,2621 1247,2621 1316,2620 1385,2620 1454,2620 1523,2619 1592,2619 1661,2619"/>
                <TextEquiv>
                    <Unicode>zum Zwecke der Harmonieen-Bildung lese man die sich schroff widersprechenden Ansichten in:</Unicode>
                </TextEquiv>
            </TextLine>
            <TextLine id="r1l59" custom="readingOrder {index:6;} work_text {offset:1; length:21;ID:W0121;} person_author {offset:28; length:10;ID:P0078;} textStyle {offset:34; length:4;fontSize:0.0; kerning:0; letterSpaced:true;}">
                <Coords points="283,2668 1563,2669 1597,2626 283,2631"/>
                <Baseline points="293,2657 357,2657 422,2657 487,2657 552,2656 616,2656 681,2656 746,2656 811,2656 875,2656 940,2657 1005,2657 1070,2657 1134,2656 1199,2656 1264,2656 1329,2656 1393,2656 1458,2656 1523,2655 1588,2655"/>
                <TextEquiv>
                    <Unicode>„Allgemeine Musiklehre” von A. B. Marx, 3. Auflage, Seite 205 und 206, „Anmerkung” —</Unicode>
                </TextEquiv>
            </TextLine>
            <TextLine id="r1l60" custom="readingOrder {index:7;} work_text {offset:24; length:12;ID:W0042;} person_author {offset:46; length:8;ID:P0014;} textStyle {offset:49; length:5;fontSize:0.0; kerning:0; letterSpaced:true;}">
                <Coords points="278,2701 1615,2709 1669,2701 1669,2655 278,2670"/>
                <Baseline points="288,2692 356,2692 425,2691 493,2691 562,2691 631,2691 699,2691 768,2692 836,2692 905,2692 974,2692 1042,2692 1111,2692 1179,2692 1248,2692 1317,2691 1385,2691 1454,2691 1522,2690 1591,2689 1660,2688"/>
                <TextEquiv>
                    <Unicode>und dann gegenüber in: „Tonsetzkunst” 2c. von G. Weber, 3. Auflage, 1. Band, Seite 11, 12</Unicode>
                </TextEquiv>
            </TextLine>
            <TextLine id="r1l61" custom="readingOrder {index:8;} work_text {offset:16; length:12;ID:W0042;}">
                <Coords points="274,2743 1067,2731 1067,2704 1013,2696 274,2703"/>
                <Baseline points="283,2726 321,2726 360,2726 399,2726 438,2726 476,2726 515,2726 554,2726 593,2726 631,2726 670,2726 709,2726 748,2726 786,2726 825,2726 864,2726 903,2726 941,2726 980,2725 1019,2725 1058,2724"/>
                <TextEquiv>
                    <Unicode>und 13, — sowie ebendaselbst Seite 21, 22 und 23. —</Unicode>
                </TextEquiv>
            </TextLine>
            <TextEquiv>
                <Unicode>Man wird in den 6 ersten Tönen, die auch erfahrungsgemäß als stärkste der Beitöne vernommen&#13;
werden, die Bestandtheile des großen C-Dreiklangs erkennen. Die mit dem Zeichen: „—” (minus)&#13;
bezeichneten Töne unter 7, 13 und 14 sind etwas tiefer, und der mit: „+” (plus) bezeichnete Ton&#13;
unter 11 etwas höher, als die beziehlichen durch die Buchstaben angedeuteten Töne unsers Ton¬&#13;
systems. — Ueber die quasi Nothwendigkeit und resp. deren Gegentheil einer solchen Begründung&#13;
zum Zwecke der Harmonieen-Bildung lese man die sich schroff widersprechenden Ansichten in:&#13;
„Allgemeine Musiklehre” von A. B. Marx, 3. Auflage, Seite 205 und 206, „Anmerkung” —&#13;
und dann gegenüber in: „Tonsetzkunst” 2c. von G. Weber, 3. Auflage, 1. Band, Seite 11, 12&#13;
und 13, — sowie ebendaselbst Seite 21, 22 und 23. —</Unicode>
            </TextEquiv>
        </TextRegion>
    </Page>
</PcGts>
