1793 2941
1637 99 1703 157 39
152 208 1706 252 eine wiederholte Entwickelung der Tonarten zu vermuthen wäre, aber weder den Begriff von Cadenz bestim¬
154 257 1706 300 men, noch eine Eintheilung der verschiedenen Cadenzen erkennen lassen, kann man aus den übrigen Worten
150 298 1706 350 und den Notenbeispielen entnehmen, daß unter vollkommener Cadenz die Verbindung der beiden Dominant¬
152 348 1502 396 accorde mit der tonischen Harmonie verstanden werden soll, und zwar in nachstehender Folge:
153 610 973 657 Ganze Schlüsse sind dann bei dem Verfasser nachstehende:
147 764 561 805 und endlich halbe Cadenzen:
253 1027 1714 1073 Warum nun aber die Molltonart „jederzeit da den Oberdominantendreiklang” gebraucht, „wo die
153 1072 1708 1116 Durtonart den Unterdominantenaccord benutzt und umgekehrt”, und wodurch die Ganz- und Halbschlüsse
150 1118 1717 1163 zwischen Dur und Moll geradezu verrückt werden, bleibt unerklärt. — Auch Beispiele von, sowohl den
153 1161 1709 1204 Cadenz-, als den Finalaccord mit Vorhalten und Durchgängen ausgeschmückten Cadenzen werden aufgestellt.
154 1202 1714 1249 — Statt Trugcadenz, sagt der Verfasser vermiedene Cadenz: „Schon die ältere Tonkunst wandte zur
153 1250 1715 1293 Aufhaltung des Schlusses eines Tonstücks außer dem Orgelpunkte auch die vermiedene Cadenz an, bei
158 1296 1706 1346 welcher dem Dominantenaccorde nicht der erwartete tonische Dreiklang, sondern eine andere Harmonie folgte.”
159 1339 1718 1386 Zu dieser Erklärung werden dann zwei ehrsame legitime Beispiele aus der musikalischen Zopfzeit mitgetheilt,
160 1386 856 1429 die je im zweiten Tacte Trugcadenzen enthalten:
258 1928 1703 1971 Solche schlichte Kost taugt nun freilich für einen modernen musikalischen Fortschrittsmagen nicht! —
161 1977 1709 2022 „So läßt auch die neuere Tonkunst oft hart vor dem Schlusse noch einen oder mehrere der Tonart nicht
159 2018 1715 2064 eigene, sondern chromatische Töne benutzende Accorde auftreten, um den Schlußaccord durch die Spannung,
158 2066 1722 2110 welche der ihm vorangehende zuckende Strahl erregte, desto befriedigender wirken zu lassen.” — Von den
158 2099 1721 2149 hierauf dargebotenen 12 Beispielen theilen wir nachfolgend einige mit, um sich von dem „zuckenden
162 2147 1716 2196 Strahl” und wie der Schlußaccord „befriedigender wirke” eine deutliche Vorstellung machen zu
157 2186 279 2236 können:
