1793 2941
112 97 189 157 30
217 208 1659 253 Weitzmann selbst sagt von dem ersten Accorde im 3. Takte, daß das Zusammentreffen der Töne
112 250 1665 300 a — ais zu den „schärfsten und gewagtesten Dissonanzen” gehöre, erlaubt sich aber dessen ungeachtet, hierauf
111 298 1663 341 ungenirt zu sagen: „Zum Beweise aber, daß allgemein anerkannte musikalische Autoritäten auch von diesen
109 339 1462 389 schärfsten Dissonanzen Gebrauch gemacht haben, möge hier das folgende Beispiel Platz finden:”
206 857 1662 902 Aber welcher Schüler, der seinen Cursus in der Harmonielehre frequentirt hat, erkennt nicht den
112 906 1659 972 Unterschied zwischen diesen beiden Beispielen? Die Nebennote e}}} in der ersten Triolenfigur liegt von dem
111 975 1667 1020 Baßtone eis um 3 Octaven entfernt, sie erscheint ferner schnell vorüber gehend auf dem milden verminderten
108 1018 1663 1068 Septimenaccorde in enger Lage, löst sich also auch bei demselben Accord (nachdem sie vorher in die untere
111 1089 1659 1133 Nebennote cis}}} springt und mit dieser Note einen Doppelvorschlag bildet) kunstgemäß auf, während Weitz¬
107 1137 1666 1180 mann's Exempel durch eine ganz andere Accordlage, längere Dauer der Töne 2c. viel weniger zu den
109 1186 1659 1228 „melodischen Verzierungen eines Accordtones” gehört, sondern als ein unschöner, widerlicher, chromatischer
111 1226 1657 1276 Zusammenklang empfunden wird. Sollte nun aber gar der Verfasser mit der Vorführung dieses Beispiels
103 1269 1654 1318 etwa der Meinung sein, „das gleichzeitige Zusammentreffen eines Tones mit seinem chromatischen Nebentone”
105 1319 1653 1367 gehöre zu den „. . . in früheren theoretischen Werken aber noch nicht erklärten Zusammenklänge 2c. 2c.” so
109 1354 1659 1410 verweisen wir ihn auf: Weber's „Tonsetzk.”, B. 3, Seite 68; die „Kompositionsl.” von Marx, 1. Aufl.,
107 1403 1656 1451 1. Band, Seite 158, Beispiel 455; Richter's „Lehrbuch der Harmonie”, 1. Auflage, Seite 110,
105 1448 308 1500 Beispiel 249.
215 1490 1663 1540 In den älteren Musiktheorieen wird die erstere Art dieser harmoniefremden Töne mit Wechsel¬
108 1538 1655 1586 note, worunter man alle solche Nebennoten auf schwerer Tactzeit stehend begriff, bezeichnet. Vorschlag
105 1579 1655 1630 paßt daher in diesem Sinne genommen nicht durchweg für Wechselnote, weil z. B. Marx in Betreff des
103 1628 1658 1676 kurzen Vorschlages in seiner „Allgem. Musikl.”, Seite 200, sagt: „Er hat gar keine bestimmte Geltung,
101 1665 1657 1715 sondern wird nur ganz kurz vor dem Hauptton angegeben; sein unbestimmter Werth geht also von der vor¬
111 1707 1661 1759 hergehenden Note ab.” Da nun jeder schweren Taktzeit unmittelbar nur eine leichte vorangehen
102 1756 1656 1801 kann, der kurze Vorschlag aber noch dieser leichten Zeit angehören soll, so muß man, nicht nur lange und
105 1801 1657 1846 kurze, sondern auch schwere und leichte Vorschläge, und resp. Wechselnoten, von einander unterscheiden.
109 1850 1657 1892 — Und in der That hat man in der jüngeren Zeit, jedoch schon vor der Veröffentlichung des W.'schen
106 1889 1652 1935 Harmoniesystems eine Abänderung, freilich auf einem andern Grunde beruhend, in Betreff des Aus¬
103 1931 1661 1980 drucks Wechselnote eintreten lassen, indem man die mit der Hauptnote abwechselnd erscheinende
105 1972 1651 2020 Nebennote damit bezeichnet, während dann die Durchgänge zwei Accordnoten verbinden, eine Stimme so
104 2018 1655 2068 zu sagen von einem harmonischen Tone durch die Nebennote in den andern harmonischen Ton geht. Beide
102 2058 1651 2110 Hauptarten von Nebentönen, Wechselnote wie Durchgang, können dann auf schwere und leichte Zeit fallen;
113 2107 317 2158 siehe Fig. 36:
206 2445 1655 2501 Die mit 0 bezeichneten Noten sind Wechselnoten und jene mit † Durchgänge, und insbesondere deutet
97 2498 1514 2542 das prosodische Zeichen der Länge (—) auf schwere und jenes der Kürze ($$GRAPHIC) auf leichte Zeit.
208 2543 1654 2597 Wir schenken Abänderungen allgemein eingeführter Ausdrucksweisen nicht leicht und gerne unsern
97 2589 1654 2637 Beifall, im Gegentheil halten wir möglichst zähe an der herkömmlichen Terminologie, und zwar hauptsächlich
102 2634 1656 2683 deßhalb, um den Kunstjüngern das Verständniß älterer Lehrbücher zu erleichtern, zu ermöglichen; jedoch der
103 2673 1658 2723 vorstehenden Abänderung können wir unsere Anerkennung nicht versagen, weil dieselbe vollkommen begründet
104 2722 919 2772 ist und zur Bezeichnung der Sache angemessener erscheint.
