1793 2941
1627 106 1701 166 33
250 209 1700 267 Freilich hätte Mozart den einen oder den andern dieser chromatischen Dreiklänge auch in anderer Weise
151 263 1712 308 z. B. den letzten derselben anstatt nach dem großen C-Dreiklang mit enharmonischer Umschreibung des Tones
150 305 869 364 dis}} in es}} nach dem As-Dreiklang führen können:
151 670 1708 722 Hier würde aber vom Gehöre der übermäßige Es-Dreiklang nicht als ein vom übermäßigen G-Dreiklang
149 714 1707 764 verschiedener, sondern als ein und derselbe Accord empfunden werden, und erst durch den darauf
155 761 1710 804 folgenden As-Dreiklang (als Sextenaccord) wäre der vorausgegangene übermäßige Dreiklang, gleichsam nach¬
149 807 705 852 träglich, als Es-Dreiklang aufzufassen.
257 858 1705 901 Die aufgestellten Notenbeispiele erscheinen auch hier, wie viele frühere, nicht durchgehends nachahmens¬
152 904 1715 943 werth; neben guten, brauchbaren Beispielen, stehen immer wieder unschöne, vor deren Verwendung man den
150 945 1712 986 noch ungewandten oder mit geringerem Musiktalent begabten Harmonieschüler, dem solche unkünstlerischen
157 986 1715 1036 Gestaltungen in den Sinn kämen, zu warnen hätte. So können wir die unten stehenden für den Gebrauch
156 1034 1167 1077 des übermäßigen Dreiklangs entnommenen Beispiele nicht schön finden:
253 1250 1709 1297 Derartige Zusammenstellungen, theils schöner, theils unschöner Beispiele erinnern an das Verfahren
152 1301 1711 1340 mancher älteren Tonlehrer, die bei solchen Anlässen alle möglichst denkbare Gestaltungen der be¬
153 1344 1718 1396 ziehlichen Fälle erschöpfend vorführten, dabei aber nach vorgenommener sorgfältigen Prüfung und
151 1386 1708 1435 kunstvernünftigen Sonderung die verwendbaren Beispiele mit „bene”, die übrigen mit „male” bezeichneten,
149 1433 1715 1476 während Weitzmann dieselben alle gleichsam wie Muster hinstellt, oder höchstens am Schlusse eines Kapitels,
150 1475 1716 1524 worin er mit den Errungenschaften für die „neuere Tonkunst” prahlt, nur im Allgemeinen den Gebrauch
148 1521 591 1571 derselben wieder einschränkt. —
248 1570 734 1628 Von dem nachstehenden Beispiel:
158 1785 1722 1834 sagt der Verfasser, daß „nicht der Ton As, sondern Gis” einen „stufenweisen [!] Vorhalt” [?] vor A
158 1832 1713 1876 bilde und nur zur Erleichterung des Lesens werde eine enharmonische Umschreibung vermieden. Der Ton
158 1874 1707 1925 As, in seiner zweiten Hälfte als Gis betrachtet, ist, selbst nach Weitzmann's aufgestellter Lehre nichts anderes,
151 1921 1707 1971 als die Quinte des übermäßigen C-Dreiklangs, welche Quinte, wie ebenfalls vom Verfasser zur Bedingung
162 1963 1715 2010 gestellt wurde, durch den Ton As vorbereitet wird. Gis als Vorhalt stände ja auch nicht vorschriftsmäßig
149 2009 1715 2052 auf „accentuirtem” Tacttheil! Oder soll dieses einer der besonderen Fälle sein, bei welchem der Vorhalt
160 2049 966 2100 die leichte Tactzeit zu einer schweren „stempelt”? —
260 2099 1713 2148 Am Schlusse dieser Abhandlung fehlt es dann auch wieder nicht an zugeeigneten Vorrechte oder Be¬
152 2145 1712 2196 vorzugungen für die „neuere Tonkunst.” Dieselbe „gebraucht demnach diatonische und chromatische Vorhalte,
154 2190 1711 2232 und es ergeben sich dadurch zuweilen Folgen von Accorden, deren innerer Zusammenhang erst aus der en¬
162 2233 1707 2285 harmonischen Bedeutung derselben hervorgeht.” — Auch hierbei scheint dem Verfasser unbekannt zu sein, was
155 2277 1714 2318 der älteren Tonkunst eigenthümlich ist und die Musiktheorie, längst festgestellt, aufweist. Das Feld der En¬
158 2320 1715 2372 harmonik ist bereits bestens cultivirt, wovon unten, Abtheilung XII, ausführlicher die Rede sein wird.
156 2365 1713 2418 Besonders hat sich hierüber A. André in seiner „Tonsetzkunst” ausgesprochen; er widmet „der enharmo¬
157 2409 1716 2460 nischen Behandlung der Accorde” ein eigenes, zwölf Seiten füllendes Kapitel, das 15. im ersten
155 2448 1721 2499 Bande des genannten Lehrbuchs, und eine aufmerksame Durchsicht dieses Kapitels und der Abhandlungen von
159 2497 1710 2550 der Enharmonik in noch andern Werken dürfte Jedermann von großem Nutzen sein, den die Lust anwandelt,
164 2545 1713 2597 für die „neue Tonkunst” Accordgestaltungen erfinden oder als nagelneu erklären zu wollen, die man doch
153 2587 908 2636 schon seit vielen Jahren kennt, lehrt und verwendet. —
