1793 2941
255 931 1712 1035 In einer kurzen Einleitung wird der Ton, eine bestimmte Klanghöhe, als das Material der Musik
161 1033 1722 1076 bezeichnet. „Er wird erzeugt durch einen erzitternden Körper oder durch eine schwingende Luftsäule, getragen
150 1073 1719 1121 durch die unsichtbaren Schallwellen der Luft 2c.” Diese Erzeugungsbedingungen und das Medium zur
150 1121 1711 1168 Weiterführung des Klanges sind für alles Hörbare, also auch was wir mit Schall im Allgemeinen, Laut,
152 1162 1711 1215 Knall, Geräusch 2c. im Besonderen benennen, erforderlich, und es wird daher durch vorstehende Erläuterung
153 1211 1719 1258 die Kenntniß von den besonderen Bedingungen für die Entstehung eines reinen Schalles, nämlich des
152 1250 1717 1299 Klanges, nicht gewonnen; es fehlt offenbar die nähere Bestimmung, daß die Schwingungen eines elastischen
152 1297 1711 1340 Körpers regelmäßig, in gleicher Geschwindigkeit oder in gleichen Zeiträumen erfolgen
155 1344 1711 1392 müssen, wenn Klang entstehen soll. Wir wollen uns jedoch hierdurch, sowie durch den unmittelbar darauf
154 1386 1713 1430 folgenden Satz: „Dergleichen nicht zur äußerlichen Anschauung gelangenden, nichts äußerlich Anschauliches
150 1430 1719 1475 bezeichnenden Töne als Glieder einer ausdrucksvollen und verständlichen Sprache der Innerlichkeit miteinander
155 1480 1724 1525 zu verbinden, aus solchen flüchtig dahin wallenden Tönen Werke von bestimmtem Inhalte, von schöner
157 1519 1715 1565 Form zu schaffen, ist die Aufgabe der Tonkunst,” — nicht in unseren weiteren Betrachtungen aufhalten
152 1562 1719 1613 lassen, sondern nur noch aus der Einleitung die für das „Harmoniesystem” gestellte Aufgabe: „..... die
148 1607 1715 1652 Gesetze der in neueren Tonwerken anerkannter praktischer Meister erscheinenden, in
145 1650 1720 1707 früheren theoretischen Werken aber noch nicht erklärten Zusammenklänge und Accord¬
143 1691 1714 1747 folgen zu ergründen und deren natürliche Grenzen aufzufinden .....” wörtlich anführen,
150 1738 1149 1787 weil für unsere Beleuchtung in der Folge von besonderer Wichtigkeit. —
895 1986 966 2053 I.
253 2081 1722 2133 Unter der Ueberschrift „Tonsystem” wird der voran gestellte Satz: „Unsere erste Aufgabe wird es
156 2120 1720 2180 sein, aus der fast unzählbaren Menge von möglichen Tönen eine Reihe auszuwählen 2c.” manchem Leser,
150 2171 1721 2219 der nicht aus der Akustik und Kanonik weiß, daß für jede Tonhöhe ein bestimmtes Quantum Schwingungen
156 2212 1717 2266 bedingt wird und daß zwischen den beiden Tönen für das kleinste gebräuchliche Tonverhältniß — übermäßige
149 2258 1716 2307 Prime = 24:25 — immer noch Töne zu bilden wären, weil zwischen den beziehlichen Schwingungszahlen
145 2301 1720 2340 noch andere vorhanden, unverständlich bleiben *). Ja, es dürfte die Ankündigung dieser „ersten Aufgabe”
153 2346 1722 2394 leicht die Meinung erregen, die abgelebten Musiker und wir alten Tonlehrer hätten uns noch einer Menge
148 2393 1723 2435 von Tönen bedient, die für die „neuesten Kunstschöpfungen” unbrauchbar seien, eine sorgfältige Auswahl wäre
147 2443 1722 2482 unbedingt nöthig. Dem ist jedoch nicht so, sondern es werden die von unsern Vorfahren längst festgestellten
248 2558 1719 2619 *) Nehmen wir z. B. für die Erzeugung des kleinen c etwa 256 Schwingungen innerhalb einer
313 2609 1711 2659 Secunde an, so würde sich nach obigem Verhältniß (24:25) für den Ton cis $$MATH Schwing¬
309 2645 1722 2699 ungen ergeben ($$MATH); es ist demnach eine Differenz von $$MATH Schwingungen
298 2682 1720 2724 und somit also auch die Möglichkeit noch kleinerer denkbaren Tonunterschiede zwischen den beiden
308 2715 718 2756 Tönen c und cis erkennbar. —
