1793 2941
1665 103 1708 165 9
151 208 1710 260 Weise fortgefahren, von der neuen Bruchzahl immer wieder $$MATH genommen, indem man den Zähler des
149 257 1711 308 Bruches mit 2 und den Nenner desselben mit 3 multiplicirt, dann den Zähler verdoppelt wenn er die Hälfte
158 306 1715 349 der Zahlgröße des Nenners nicht erreicht, um, wie angedeutet, innerhalb des Octavenraumes zu bleiben, so
154 344 1286 389 wird man endlich das Verhältniß: 531441:262144 für c — his, erhalten.
257 402 1721 444 Dasselbe Resultat wird aber auch erzielt, wenn man nach Kretzschmer's „Ideen 2c.” quartenweise
154 445 1709 491 das Tonsystem entstehen läßt, wozu man die gradtheilige Linien-, resp. Saiten-Zerlegung beibehalten kann.
150 483 861 541 Z. B. die Linie i — k in nachstehender Fig. 4:
154 650 1719 707 in Hälften i — l und l — k getheilt, läßt bekanntlich Octaven entstehen; die Theilung der Hälften, z. B.
156 699 1719 739 l — k in l — m und m — k, um 8 Stufen höher gelegene Octaven. Dagegen erhalten wir aber mit
162 739 1707 789 ¾-Länge, nämlich i — m, die Quarte, also den Ton f} im Falle man die Saitenlänge: i — k für c}
150 787 1714 835 annähme. Weiter fortgesetzt, $$MATH, 2c. 2c., (bei welcher Berechnung, gegenüber dem obigen
159 824 1717 877 Verfahren mit $$MATH, umgekehrt der Nenner mit 2 dividirt werden muß, wenn derselbe die Größe seines
152 873 1720 921 Zählers um das Doppelte übersteigt, um auch, wie oben, im Octavenraum zu bleiben), so wird man ebenfalls
158 915 1713 964 das oben bezeichnete Verhältniß, jedoch wie natürlich in umgekehrter Form, 262144:531441 für deses} — c
157 962 281 1013 erhalten.
258 1010 1718 1061 Die beiden Verhältnisse 531441:262144 für c — his und 262144:531441 für deses} — c ent¬
162 1061 1713 1115 sprechen jedoch nicht dem reinen Octavenverhältniß 1:2 oder 2:1, c — c} oder c} — c, wie dann auch
160 1104 1713 1148 das verminderte Ober- oder Unter-Secundenverhältniß his — c} oder deses} — c} gegen das Einklangsver¬
166 1147 1717 1196 hältniß 1:1 um 531441:524288 und resp. 524288:531441, um das sogenannte pythagorische
163 1194 1720 1239 oder ditonische Komma, differirt; daher ist zur Erzielung der reinen Octave, des Einklanges und zur
161 1238 1716 1283 Feststellung gleicher Abstände in der halbtönigen Reihe eine Ausgleichung der deßfallsigen Differenz in 12
157 1281 1533 1333 gleiche Repartitionen erforderlich, was die gleichschwebende Temperatur ergiebt*).
264 1337 1718 1394 Durch Mittheilung des Vorstehenden, gleichviel in welcher Darstellungsform, hätte der Verfasser freilich,
160 1393 1721 1444 wie auch wir, nichts Neues gebracht; aber sein „Tonsystem”, die Lösung der „ersten Aufgabe”, hätte gleich
160 1434 1721 1490 von vornherein eine kunstwissenschaftliche Basis gehabt, ein wirkliches Streben nach gründlicher Belehrung
158 1480 1721 1524 und Ueberzeugung für Kunstwahrheiten erkennen lassen, was man von einem Harmoniesystem, in welchem eine
160 1521 1721 1564 „musikalisch-theoretische Begründung der durch die neuesten Kunstschöpfungen bewirk¬
160 1564 1723 1619 ten Umgestaltung und Weiterbildung der Harmonik” zu geben versprochen wird mit Recht
157 1609 413 1660 beanspruchen darf.
265 1665 1722 1723 Hiermit wollen wir aber die Voranstellung der Erläuterung des Tonsystems und der Temperatur
154 1715 1717 1763 durch die Theilung der Saite, wie auch das weiter unten erwähnte Mitklingen der Beitöne, in einem
162 1753 1717 1804 Harmoniesystem nicht überschätzen. So wichtig und werthvoll diese Resultate wissenschaftlicher Forschungen
160 1808 1717 1850 auch sind, für den Harmonisten resp. Componisten beginnt seine eigentliche Wirksamkeit erst mit dem Ton¬
163 1848 1724 1892 system selbst, und er kann Schönes und Großartiges schaffen lernen, ohne zu wissen, wie und woher man zu
159 1890 1720 1939 diesen 12 wesentlich verschiedenen Tönen gekommen. Hat man aber einmal solche Erläuterungen
156 1939 1718 1985 aus der Akustik und Kanonik in die Harmonielehre herbeigezogen, so gäbe man sie auch
158 1976 1717 2027 präcis, klar und verständlich. Jedenfalls würde aber eine Mittheilung gründlicher Entwickelung des
164 2021 1723 2068 Tonsystems und der Temperatur Jedermann in den Stand setzen, die leeren, nichtssagenden oder gar falschen
158 2060 1719 2108 Explicationen als solche zu erkennen; denn hat man z. B. erkannt, daß der oben im Verhältniß 531441:
156 2106 1713 2156 524288 und beziehlich 524288:531441 ausgedrückte, wenngleich merkliche, so doch immer kleine Tonunter¬
162 2147 1719 2196 schied unter die 12 Quinten in gleiche Theile repartirt wird **), so wird man auch die Ueberzeugung ge¬
157 2196 1716 2244 winnen, daß die Streichinstrumente bei Annahme mathematisch reinster Stimmung ihrer 4 Saiten im Ver¬
162 2238 1720 2284 ein mit temperirt gestimmten Instrumenten unmöglich das Gehör verletzen können, wie unnöthiger-
158 2287 1715 2335 und wunderlicherweise der Verfasser mit einer besonderen Wichtigkeit hervorhebt, indem er hierzu Bach,
163 2323 1722 2374 Haydn, Mozart und Beethoven citirt, welche schon „temperirte Claviere” im Gebrauche gehabt
259 2473 1725 2531 *) Lernbegierigen empfehlen wir zum Zwecke weiterer Ausbildung in dem beregten Gegenstande nebst
310 2522 1719 2572 den oben bereits erwähnten „Ideen 2c.” von Kretzschmer auch die Werke von Chladni über
317 2558 1717 2604 Akustik 2c., sowie die noch älteren Lehrbücher: „Versuch über die musikalische Temperatur” von
314 2593 1301 2638 Marpurg und „Anleitung zur Temperaturberechnung” von Türk. —
244 2637 1716 2693 **) „Bei einer Quinte beträgt die Verschiedenheit nur den zwölften Theil des pythagorischen Komma,
314 2687 1714 2729 also 1:1,0011 . . . ., also nicht viel über ein Tausendtheilchen 2c.” Chladni's: „Uebersicht
313 2717 905 2758 der Schall= und Klanglehre”, Seite 102.
