<?xml version="1.0" encoding="UTF-8" standalone="yes"?>
<PcGts xmlns="http://schema.primaresearch.org/PAGE/gts/pagecontent/2013-07-15" xmlns:xsi="http://www.w3.org/2001/XMLSchema-instance" xsi:schemaLocation="http://schema.primaresearch.org/PAGE/gts/pagecontent/2013-07-15 http://schema.primaresearch.org/PAGE/gts/pagecontent/2013-07-15/pagecontent.xsd">
    <Metadata>
        <Creator>prov=University of Rostock/Institute of Mathematics/CITlab|PLANET AI GmbH/Gundram Leifert/gundram.leifert@planet-ai.de:name=ONB_Newseye_GT_M1+(htr_id=10810)::::v=2.6.7
prov=University of Rostock/Institute of Mathematics/CITlab|PLANET AI GmbH/Tobias Gruening/tobias.gruening@planet-ai.de:name=de.uros.citlab.module.baseline2polygon.B2PSeamMultiOriented:v=2.6.7
prov=University of Rostock/Institute of Mathematics/CITlab|PLANET AI GmbH/Tobias Gruening/tobias.gruening@planet-ai.de:name=/net_tf/LA73_249_0mod360.pb:de.uros.citlab.segmentation.CITlab_LA_ML:v=2.6.7
Transkribus</Creator>
        <Created>2021-02-25T18:51:17.338+01:00</Created>
        <LastChange>2021-05-14T16:07:58.528+02:00</LastChange>
        <TranskribusMetadata docId="618525" pageId="24492516" pageNr="46" tsid="57884716" status="DONE" userId="74363" imgUrl="https://files.transkribus.eu/Get?id=OLZPRXAXONKJWKAQELHQNVTP&amp;fileType=view" xmlUrl="https://files.transkribus.eu/Get?id=DWDEARWBOVACMVMJLNQMLEEJ" imageId="18861110"/>
    </Metadata>
    <Page imageFilename="Kunkel1863-0046.jpg" imageWidth="1793" imageHeight="2941" type="content">
        <ReadingOrder>
            <OrderedGroup id="ro_1624196226484" caption="Regions reading order">
                <RegionRefIndexed index="0" regionRef="TextRegion_1614538539106_4901"/>
                <RegionRefIndexed index="1" regionRef="TextRegion_1614538539106_4900"/>
                <RegionRefIndexed index="2" regionRef="TextRegion_1614538535049_4896"/>
                <RegionRefIndexed index="3" regionRef="TextRegion_1614538529417_4892"/>
                <RegionRefIndexed index="5" regionRef="TextRegion_1614538516440_4884"/>
                <RegionRefIndexed index="7" regionRef="TextRegion_1614538502851_4876"/>
                <RegionRefIndexed index="8" regionRef="TextRegion_1614538498538_4872"/>
            </OrderedGroup>
        </ReadingOrder>
        <TextRegion orientation="0.0" type="page-number" id="TextRegion_1614538539106_4901" custom="readingOrder {index:0;} structure {type:page-number;}">
            <Coords points="119,117 1674,117 1674,166 119,166"/>
            <TextLine id="r1l1" custom="readingOrder {index:0;}">
                <Coords points="118,149 168,147 172,143 182,143 182,97 172,97 166,91 155,91 145,101 118,99"/>
                <Baseline points="127,138 173,138"/>
                <TextEquiv>
                    <Unicode>44</Unicode>
                </TextEquiv>
            </TextLine>
            <TextEquiv>
                <Unicode>44</Unicode>
            </TextEquiv>
        </TextRegion>
        <TextRegion orientation="0.0" type="paragraph" id="TextRegion_1614538539106_4900" custom="readingOrder {index:1;} structure {type:paragraph;}">
            <Coords points="119,166 1674,166 1674,469 119,469"/>
            <TextLine id="r1l2" custom="readingOrder {index:0;}">
                <Coords points="115,240 1674,244 1631,203 115,198"/>
                <Baseline points="124,233 201,232 278,232 355,232 432,232 509,232 586,232 663,233 740,233 817,233 894,234 971,234 1048,235 1125,235 1202,236 1279,236 1356,236 1433,237 1510,237 1587,236 1664,236"/>
                <TextEquiv>
                    <Unicode>einzelnen Stimmen sogar Sätze von mehreren Tacten, in denen einige Stimmen in der einen, andere in der</Unicode>
                </TextEquiv>
            </TextLine>
            <TextLine id="r1l3" custom="readingOrder {index:1;}">
                <Coords points="110,292 1647,299 1664,251 110,252"/>
                <Baseline points="119,278 195,278 272,277 349,277 426,277 502,277 579,277 656,277 733,278 809,278 886,278 963,279 1040,279 1116,279 1193,280 1270,280 1347,280 1423,280 1500,280 1577,279 1654,279"/>
                <TextEquiv>
                    <Unicode>andern von zwei enharmonischen Tonarten fortgehen, also Kreuze und Bee in verschiedenen Stimmen gleich¬</Unicode>
                </TextEquiv>
            </TextLine>
            <TextLine id="line_1614538639175_4934" custom="readingOrder {index:2;} textStyle {offset:69; length:6;fontSize:0.0; kerning:0; letterSpaced:true;}">
                <Coords points="113,341 1668,340 1622,290 113,294"/>
                <Baseline points="123,324 148,323 173,323 198,322 223,322 249,322 274,322 299,322 324,322 349,322 375,321 400,321 425,321 450,319 475,319 501,317 521,317 577,319 634,320 691,321 748,322 805,322 862,323 918,323 975,323 1032,323 1089,323 1146,323 1203,323 1260,323 1316,323 1373,323 1430,323 1487,324 1544,324 1601,324 1658,324"/>
                <TextEquiv>
                    <Unicode>zeitig vorgezeichnet werden.” — In gleicher Weise bediente sich auch Mozart in seinen Instrumentalwerken,</Unicode>
                </TextEquiv>
            </TextLine>
            <TextLine id="r1l6" custom="readingOrder {index:3;}">
                <Coords points="112,379 1639,387 1657,340 112,344"/>
                <Baseline points="121,369 197,368 273,368 349,367 426,367 502,367 578,367 655,367 731,367 807,367 884,367 960,367 1036,368 1112,368 1189,368 1265,368 1341,369 1418,369 1494,369 1570,369 1647,369"/>
                <TextEquiv>
                    <Unicode>namentlich in seinen Clavierconcerten, der Enharmonik. — Diese Schreibweise hätte also die „alte Tonkunst”</Unicode>
                </TextEquiv>
            </TextLine>
            <TextLine id="r1l7" custom="readingOrder {index:4;}">
                <Coords points="119,428 1666,421 1666,383 1564,378 119,381"/>
                <Baseline points="129,412 205,412 281,411 358,411 434,411 510,411 587,411 663,411 739,411 816,411 892,412 968,412 1045,412 1121,413 1197,413 1274,413 1350,413 1426,414 1503,414 1579,414 1656,413"/>
                <TextEquiv>
                    <Unicode>gewiß nicht anwenden können, wenn dieselbe nach des Verfassers Behauptung die enharmonischen Töne nur</Unicode>
                </TextEquiv>
            </TextLine>
            <TextLine id="r1l8" custom="readingOrder {index:5;}">
                <Coords points="112,468 1042,466 1042,428 112,427"/>
                <Baseline points="122,456 167,456 213,456 258,455 304,455 349,455 395,455 440,455 486,455 531,455 577,455 622,455 668,455 713,455 759,455 804,455 850,456 895,456 941,456 986,456 1032,456"/>
                <TextEquiv>
                    <Unicode>in ihrer „akustisch reinen Bedeutung” hätte gelten lassen müssen. —</Unicode>
                </TextEquiv>
            </TextLine>
            <TextEquiv>
                <Unicode>einzelnen Stimmen sogar Sätze von mehreren Tacten, in denen einige Stimmen in der einen, andere in der&#13;
andern von zwei enharmonischen Tonarten fortgehen, also Kreuze und Bee in verschiedenen Stimmen gleich¬&#13;
zeitig vorgezeichnet werden.” — In gleicher Weise bediente sich auch Mozart in seinen Instrumentalwerken,&#13;
namentlich in seinen Clavierconcerten, der Enharmonik. — Diese Schreibweise hätte also die „alte Tonkunst”&#13;
gewiß nicht anwenden können, wenn dieselbe nach des Verfassers Behauptung die enharmonischen Töne nur&#13;
in ihrer „akustisch reinen Bedeutung” hätte gelten lassen müssen. —</Unicode>
            </TextEquiv>
        </TextRegion>
        <TextRegion orientation="0.0" type="paragraph" id="TextRegion_1614538535049_4896" custom="readingOrder {index:2;} structure {type:paragraph;}">
            <Coords points="119,469 1674,469 1674,938 119,938"/>
            <TextLine id="r1l9" custom="readingOrder {index:0;}">
                <Coords points="218,509 1670,508 1670,469 1542,465 218,465"/>
                <Baseline points="228,499 299,499 371,499 442,499 514,499 586,499 657,500 729,500 801,500 872,500 944,500 1016,500 1087,501 1159,501 1231,501 1302,501 1374,501 1446,501 1517,501 1589,501 1661,501"/>
                <TextEquiv>
                    <Unicode>Was nun die sonderbare Rarität, nämlich das Beispiel Fig. 54, in welchem das Gehör einen con¬</Unicode>
                </TextEquiv>
            </TextLine>
            <TextLine id="r1l10" custom="readingOrder {index:1;} textStyle {offset:98; length:3;italic:true; fontSize:0.0; kerning:0;} textStyle {offset:107; length:3;italic:true; fontSize:0.0; kerning:0;}">
                <Coords points="118,580 1673,586 1673,538 118,538"/>
                <Baseline points="127,569 203,568 280,568 357,568 434,568 511,567 587,567 664,567 741,567 818,567 895,568 971,568 1048,568 1125,568 1202,568 1279,568 1355,568 1432,568 1509,568 1586,568 1663,568"/>
                <TextEquiv>
                    <Unicode>sonirenden kleinen Dreiklang als Quartsextenaccord erkennt, speciell betrifft, so fänden die Töne ges} und fis}} nach</Unicode>
                </TextEquiv>
            </TextLine>
            <TextLine id="r1l11" custom="readingOrder {index:2;}">
                <Coords points="111,627 1672,619 1606,578 111,584"/>
                <Baseline points="121,612 198,612 275,612 352,611 429,611 506,612 583,612 660,612 737,612 814,612 891,612 968,613 1045,613 1122,613 1199,613 1276,613 1353,613 1430,613 1507,613 1584,613 1662,613"/>
                <TextEquiv>
                    <Unicode>den meisten bisher bekannt gewordenen Harmonielehren, wollte man harmoniefremde Töne nach solchem</Unicode>
                </TextEquiv>
            </TextLine>
            <TextLine id="r1l12" custom="readingOrder {index:3;} textStyle {offset:65; length:22;fontSize:0.0; kerning:0; letterSpaced:true;}">
                <Coords points="109,669 1672,668 1647,625 109,627"/>
                <Baseline points="119,654 196,655 273,655 350,655 427,656 504,656 581,656 659,656 736,657 813,657 890,657 967,657 1044,657 1121,657 1199,657 1276,657 1353,657 1430,657 1507,657 1584,657 1662,657"/>
                <TextEquiv>
                    <Unicode>Muster verwenden, ihre Erklärung in den Regeln für den Gebrauch „annähernder Durchgänge”. Ein</Unicode>
                </TextEquiv>
            </TextLine>
            <TextLine id="r1l13" custom="readingOrder {index:4;} textStyle {offset:0; length:22;fontSize:0.0; kerning:0; letterSpaced:true;}">
                <Coords points="115,716 1671,711 1596,666 115,673"/>
                <Baseline points="124,700 200,700 277,700 354,700 431,700 508,700 585,700 662,700 739,701 816,701 893,701 969,701 1046,702 1123,702 1200,702 1277,702 1354,702 1431,702 1508,702 1585,702 1662,701"/>
                <TextEquiv>
                    <Unicode>musikalisch gebildeter Componist wird aber von Durchgängen der angegebenen Art kaum einen kunst¬</Unicode>
                </TextEquiv>
            </TextLine>
            <TextLine id="r1l14" custom="readingOrder {index:5;}">
                <Coords points="113,756 1669,756 1633,715 113,718"/>
                <Baseline points="122,745 198,745 275,744 352,744 429,744 506,744 583,744 660,744 737,745 814,745 891,745 967,745 1044,745 1121,746 1198,746 1275,746 1352,746 1429,746 1506,747 1583,747 1660,747"/>
                <TextEquiv>
                    <Unicode>vernünftigen Gebrauch für eine werthvolle Tongestaltung machen können, wenn nicht etwa der weiter</Unicode>
                </TextEquiv>
            </TextLine>
            <TextLine id="r1l15" custom="readingOrder {index:6;}">
                <Coords points="116,805 1669,811 1669,764 1545,756 116,762"/>
                <Baseline points="126,789 202,789 279,788 356,788 432,788 509,788 586,788 662,788 739,789 816,789 893,789 969,790 1046,790 1123,790 1199,791 1276,791 1353,791 1429,791 1506,791 1583,791 1660,791"/>
                <TextEquiv>
                    <Unicode>unten berührte, auf Grund der Schreibweise chromatischer Tonreihen basirte Fall, in der Gegenbewegung</Unicode>
                </TextEquiv>
            </TextLine>
            <TextLine id="r1l16" custom="readingOrder {index:7;}">
                <Coords points="114,849 1667,843 1636,803 114,805"/>
                <Baseline points="123,833 199,833 276,832 353,832 430,832 506,832 583,832 660,832 737,833 813,833 890,833 967,834 1044,834 1120,834 1197,835 1274,835 1351,835 1427,835 1504,835 1581,835 1658,835"/>
                <TextEquiv>
                    <Unicode>zweier Stimmen ein solches Zusammentreffen zweier um eine Octave voneinander entfernten enharmonischer</Unicode>
                </TextEquiv>
            </TextLine>
            <TextLine id="r1l17" custom="readingOrder {index:8;} textStyle {offset:50; length:9;fontSize:0.0; kerning:0; letterSpaced:true;} textStyle {offset:66; length:3;italic:true; fontSize:0.0; kerning:0;} textStyle {offset:72; length:3;italic:true; fontSize:0.0; kerning:0;} textStyle {offset:82; length:3;italic:true; fontSize:0.0; kerning:0;} textStyle {offset:88; length:3;italic:true; fontSize:0.0; kerning:0;}">
                <Coords points="114,892 1674,892 1661,849 114,849"/>
                <Baseline points="124,876 201,877 278,877 355,877 432,878 509,878 586,878 663,879 740,879 817,879 894,880 971,880 1048,880 1125,880 1202,880 1279,880 1356,880 1433,880 1510,880 1587,880 1665,880"/>
                <TextEquiv>
                    <Unicode>Töne vorübergehend zur Erscheinung bringt. In der Umkehrung also, fis — ges statt ges — fis, ist</Unicode>
                </TextEquiv>
            </TextLine>
            <TextLine id="r1l18" custom="readingOrder {index:9;}">
                <Coords points="121,932 966,940 1146,931 1146,890 121,897"/>
                <Baseline points="131,924 181,924 231,923 281,923 332,923 382,923 432,923 482,923 533,923 583,923 633,923 683,923 734,923 784,923 834,923 884,924 935,924 985,924 1035,924 1085,924 1136,923"/>
                <TextEquiv>
                    <Unicode>auch oben in Fig. 59 die erwähnte enharmonische Gestaltung verwendet.</Unicode>
                </TextEquiv>
            </TextLine>
            <TextEquiv>
                <Unicode>Was nun die sonderbare Rarität, nämlich das Beispiel Fig. 54, in welchem das Gehör einen con¬&#13;
sonirenden kleinen Dreiklang als Quartsextenaccord erkennt, speciell betrifft, so fänden die Töne ges} und fis}} nach&#13;
den meisten bisher bekannt gewordenen Harmonielehren, wollte man harmoniefremde Töne nach solchem&#13;
Muster verwenden, ihre Erklärung in den Regeln für den Gebrauch „annähernder Durchgänge”. Ein&#13;
musikalisch gebildeter Componist wird aber von Durchgängen der angegebenen Art kaum einen kunst¬&#13;
vernünftigen Gebrauch für eine werthvolle Tongestaltung machen können, wenn nicht etwa der weiter&#13;
unten berührte, auf Grund der Schreibweise chromatischer Tonreihen basirte Fall, in der Gegenbewegung&#13;
zweier Stimmen ein solches Zusammentreffen zweier um eine Octave voneinander entfernten enharmonischer&#13;
Töne vorübergehend zur Erscheinung bringt. In der Umkehrung also, fis — ges statt ges — fis, ist&#13;
auch oben in Fig. 59 die erwähnte enharmonische Gestaltung verwendet.</Unicode>
            </TextEquiv>
        </TextRegion>
        <TextRegion orientation="0.0" id="TextRegion_1614538529417_4892" custom="readingOrder {index:3;} structure {type:paragraph-continued;}">
            <Coords points="119,938 1674,938 1674,1538 119,1538"/>
            <TextLine id="r1l19" custom="readingOrder {index:0;}">
                <Coords points="222,981 1672,973 1672,940 1328,929 222,936"/>
                <Baseline points="232,966 303,966 375,966 446,966 518,967 589,967 661,967 732,967 804,967 875,968 947,968 1018,968 1090,968 1161,968 1233,968 1304,969 1376,969 1447,969 1519,969 1590,969 1662,968"/>
                <TextEquiv>
                    <Unicode>Sowie nun der Vorwurf des Verfassers gegen die vermeintliche Mangelhaftigkeit der „älteren Ton¬</Unicode>
                </TextEquiv>
            </TextLine>
            <TextLine id="r1l20" custom="readingOrder {index:1;}">
                <Coords points="112,1027 1675,1018 1613,977 113,979"/>
                <Baseline points="123,1012 200,1012 277,1011 354,1011 431,1011 508,1011 585,1011 663,1011 740,1011 817,1012 894,1012 971,1012 1048,1012 1125,1013 1203,1013 1280,1013 1357,1013 1434,1013 1511,1013 1588,1013 1666,1013"/>
                <TextEquiv>
                    <Unicode>kunst” beziehlich ihrer Erklärungsweise chromatischer Töne mit einer Unwahrheit begonnen, so endigt derselbe</Unicode>
                </TextEquiv>
            </TextLine>
            <TextLine id="r1l21" custom="readingOrder {index:2;}">
                <Coords points="117,1068 1639,1075 1668,1032 117,1033"/>
                <Baseline points="127,1057 203,1056 280,1056 356,1056 433,1055 509,1055 586,1055 662,1056 739,1056 815,1056 892,1056 969,1056 1045,1057 1122,1057 1198,1057 1275,1057 1351,1057 1428,1057 1504,1057 1581,1057 1658,1056"/>
                <TextEquiv>
                    <Unicode>auch in den vorgeführten Beispielen mit einer solchen. Wo ist denn die im Laufe des gegenwärtigen Jahr¬</Unicode>
                </TextEquiv>
            </TextLine>
            <TextLine id="r1l22" custom="readingOrder {index:3;} textStyle {offset:28; length:8;fontSize:0.0; kerning:0; letterSpaced:true;}">
                <Coords points="115,1122 1668,1109 1614,1066 115,1067"/>
                <Baseline points="125,1102 201,1101 278,1100 355,1100 431,1100 508,1100 585,1100 661,1100 738,1100 815,1100 892,1100 968,1100 1045,1101 1122,1101 1198,1101 1275,1101 1352,1101 1428,1101 1505,1101 1582,1101 1659,1101"/>
                <TextEquiv>
                    <Unicode>hunderts zutage geförderte, namhafte Harmonielehre, Tonsetzkunst, Kompositionslehre 2c., welche den Tönen</Unicode>
                </TextEquiv>
            </TextLine>
            <TextLine id="r1l24" custom="readingOrder {index:4;} textStyle {offset:0; length:3;italic:true; fontSize:0.0; kerning:0;} textStyle {offset:6; length:3;italic:true; fontSize:0.0; kerning:0;} textStyle {offset:12; length:3;italic:true; fontSize:0.0; kerning:0;} textStyle {offset:19; length:3;italic:true; fontSize:0.0; kerning:0;} textStyle {offset:26; length:3;italic:true; fontSize:0.0; kerning:0;} textStyle {offset:33; length:3;italic:true; fontSize:0.0; kerning:0;} textStyle {offset:43; length:3;italic:true; fontSize:0.0; kerning:0;}">
                <Coords points="109,1187 1642,1188 1675,1136 109,1141"/>
                <Baseline points="119,1169 196,1168 273,1167 350,1167 428,1167 505,1167 582,1167 660,1167 737,1167 814,1167 892,1168 969,1168 1046,1168 1123,1169 1201,1169 1278,1169 1355,1169 1433,1169 1510,1169 1587,1169 1665,1168"/>
                <TextEquiv>
                    <Unicode>gis}, ais}, cis}}, dis}}, eis}}, fis}} und gis}} in dem Beispiele Fig. 55, 1, eine „harmonische Bedeutung” gibt und sie</Unicode>
                </TextEquiv>
            </TextLine>
            <TextLine id="r1l25" custom="readingOrder {index:5;}">
                <Coords points="113,1228 1556,1229 1672,1221 1672,1184 113,1185"/>
                <Baseline points="123,1214 204,1213 285,1212 366,1212 447,1212 528,1212 609,1212 690,1212 771,1212 852,1212 933,1212 1014,1213 1095,1213 1176,1213 1257,1213 1338,1213 1419,1213 1500,1213 1581,1213 1662,1213"/>
                <TextEquiv>
                    <Unicode>nicht als chromatische Durchgangstöne gelten läßt? Ja diese Theorieen gehen sogar noch viel weiter, stellen</Unicode>
                </TextEquiv>
            </TextLine>
            <TextLine id="r1l26" custom="readingOrder {index:6;}">
                <Coords points="117,1269 1672,1277 1577,1225 117,1230"/>
                <Baseline points="127,1258 203,1258 280,1257 357,1257 434,1256 510,1256 587,1256 664,1256 741,1256 817,1256 894,1256 971,1256 1048,1256 1124,1256 1201,1256 1278,1257 1355,1257 1431,1257 1508,1258 1585,1258 1662,1258"/>
                <TextEquiv>
                    <Unicode>nicht nur oberflächlich die Noten hin, wie das „neue Harmoniesystem” mit seiner „heutigen Chromatik” 2c.,</Unicode>
                </TextEquiv>
            </TextLine>
            <TextLine id="r1l27" custom="readingOrder {index:7;}">
                <Coords points="124,1315 1677,1307 1641,1266 124,1274"/>
                <Baseline points="134,1302 210,1301 287,1300 364,1300 440,1299 517,1299 594,1299 670,1299 747,1299 824,1300 901,1300 977,1300 1054,1301 1131,1301 1207,1301 1284,1301 1361,1301 1437,1301 1514,1301 1591,1301 1668,1301"/>
                <TextEquiv>
                    <Unicode>sondern sie geben nach festeren Principien bestimmtere Erklärungen und führen genau an, wie viele Durch¬</Unicode>
                </TextEquiv>
            </TextLine>
            <TextLine id="r1l28" custom="readingOrder {index:8;}">
                <Coords points="122,1363 1669,1353 1634,1315 122,1315"/>
                <Baseline points="132,1348 208,1347 284,1346 361,1345 437,1345 513,1344 590,1344 666,1344 742,1344 819,1344 895,1344 971,1345 1048,1345 1124,1345 1200,1345 1277,1345 1353,1346 1429,1346 1506,1345 1582,1345 1659,1345"/>
                <TextEquiv>
                    <Unicode>gänge, diatonisch oder chromatisch, zwischen je zwei Accordtönen möglich sein können und theilen hiernach die</Unicode>
                </TextEquiv>
            </TextLine>
            <TextLine id="r1l29" custom="readingOrder {index:9;} textStyle {offset:14; length:5;fontSize:0.0; kerning:0; letterSpaced:true;} textStyle {offset:21; length:6;fontSize:0.0; kerning:0; letterSpaced:true;} textStyle {offset:29; length:6;fontSize:0.0; kerning:0; letterSpaced:true;} textStyle {offset:40; length:6;fontSize:0.0; kerning:0; letterSpaced:true;}">
                <Coords points="127,1404 1670,1401 1527,1356 127,1361"/>
                <Baseline points="137,1391 213,1391 289,1390 365,1390 441,1390 518,1390 594,1389 670,1389 746,1389 822,1389 899,1389 975,1389 1051,1389 1127,1390 1203,1390 1280,1390 1356,1390 1432,1390 1508,1391 1584,1391 1661,1391"/>
                <TextEquiv>
                    <Unicode>Durchgänge in erste, zweite, dritte und vierte Grade ein. Hiernach läßt sich dann auch ein chroma¬</Unicode>
                </TextEquiv>
            </TextLine>
            <TextLine id="r1l30" custom="readingOrder {index:10;}">
                <Coords points="117,1447 1671,1444 1627,1401 117,1404"/>
                <Baseline points="127,1436 203,1435 280,1435 357,1434 433,1434 510,1433 587,1433 663,1433 740,1433 817,1433 894,1433 970,1433 1047,1433 1124,1433 1200,1434 1277,1434 1354,1435 1430,1435 1507,1436 1584,1436 1661,1437"/>
                <TextEquiv>
                    <Unicode>tischer Gang zweier Stimmen in der Gegenbewegung, worauf wir oben bereits hingedeutet, erklären. Da</Unicode>
                </TextEquiv>
            </TextLine>
            <TextLine id="r1l31" custom="readingOrder {index:11;} textStyle {offset:45; length:9;fontSize:0.0; kerning:0; letterSpaced:true;}">
                <Coords points="120,1491 1677,1493 1677,1452 1528,1442 120,1452"/>
                <Baseline points="131,1481 207,1480 284,1479 361,1479 438,1478 515,1478 592,1478 668,1478 745,1478 822,1478 899,1478 976,1478 1053,1479 1130,1479 1206,1479 1283,1479 1360,1480 1437,1480 1514,1480 1591,1481 1668,1481"/>
                <TextEquiv>
                    <Unicode>nämlich herkömmlicherweise eine chromatische steigende Tonreihe in der Regel mit Erhöhungszeichen, eine</Unicode>
                </TextEquiv>
            </TextLine>
            <TextLine id="r1l32" custom="readingOrder {index:12;}">
                <Coords points="125,1539 1105,1531 1105,1498 1066,1491 125,1491"/>
                <Baseline points="134,1527 182,1526 230,1525 278,1524 326,1524 374,1523 422,1523 470,1522 518,1522 566,1522 615,1522 663,1522 711,1522 759,1522 807,1523 855,1523 903,1523 951,1523 999,1523 1047,1524 1096,1524"/>
                <TextEquiv>
                    <Unicode>fallende dagegen mit Erniedrigungszeichen dargestellt wird, z. B.:</Unicode>
                </TextEquiv>
            </TextLine>
            <TextEquiv>
                <Unicode>Sowie nun der Vorwurf des Verfassers gegen die vermeintliche Mangelhaftigkeit der „älteren Ton¬&#13;
kunst” beziehlich ihrer Erklärungsweise chromatischer Töne mit einer Unwahrheit begonnen, so endigt derselbe&#13;
auch in den vorgeführten Beispielen mit einer solchen. Wo ist denn die im Laufe des gegenwärtigen Jahr¬&#13;
hunderts zutage geförderte, namhafte Harmonielehre, Tonsetzkunst, Kompositionslehre 2c., welche den Tönen&#13;
gis}, ais}, cis}}, dis}}, eis}}, fis}} und gis}} in dem Beispiele Fig. 55, 1, eine „harmonische Bedeutung” gibt und sie&#13;
nicht als chromatische Durchgangstöne gelten läßt? Ja diese Theorieen gehen sogar noch viel weiter, stellen&#13;
nicht nur oberflächlich die Noten hin, wie das „neue Harmoniesystem” mit seiner „heutigen Chromatik” 2c.,&#13;
sondern sie geben nach festeren Principien bestimmtere Erklärungen und führen genau an, wie viele Durch¬&#13;
gänge, diatonisch oder chromatisch, zwischen je zwei Accordtönen möglich sein können und theilen hiernach die&#13;
Durchgänge in erste, zweite, dritte und vierte Grade ein. Hiernach läßt sich dann auch ein chroma¬&#13;
tischer Gang zweier Stimmen in der Gegenbewegung, worauf wir oben bereits hingedeutet, erklären. Da&#13;
nämlich herkömmlicherweise eine chromatische steigende Tonreihe in der Regel mit Erhöhungszeichen, eine&#13;
fallende dagegen mit Erniedrigungszeichen dargestellt wird, z. B.:</Unicode>
            </TextEquiv>
        </TextRegion>
        <GraphicRegion id="Graphic_1614538577098_4909" custom="readingOrder {index:4;} structure {type:floating;}">
            <Coords points="119,1538 1674,1538 1674,1771 119,1771"/>
        </GraphicRegion>
        <TextRegion orientation="0.0" type="paragraph" id="TextRegion_1614538516440_4884" custom="readingOrder {index:5;} structure {type:paragraph;}">
            <Coords points="119,1771 1674,1771 1674,1967 119,1967"/>
            <TextLine id="r1l37" custom="readingOrder {index:0;} textStyle {offset:23; length:1;italic:true; fontSize:0.0; kerning:0;}">
                <Coords points="122,1820 1673,1810 1673,1769 122,1769"/>
                <Baseline points="132,1804 208,1804 285,1804 361,1804 438,1804 515,1804 591,1804 668,1804 744,1804 821,1804 898,1804 974,1804 1051,1805 1127,1805 1204,1805 1281,1805 1357,1805 1434,1805 1510,1805 1587,1805 1664,1805"/>
                <TextEquiv>
                    <Unicode>so müssen die vom Tone c nach oben und unten gleichweit abstehenden, unter sich aber um eine Octave ent¬</Unicode>
                </TextEquiv>
            </TextLine>
            <TextLine id="r1l38" custom="readingOrder {index:1;} textStyle {offset:28; length:3;italic:true; fontSize:0.0; kerning:0;} textStyle {offset:37; length:3;italic:true; fontSize:0.0; kerning:0;}">
                <Coords points="123,1874 1684,1867 1612,1826 123,1833"/>
                <Baseline points="132,1863 209,1863 286,1862 363,1862 440,1862 517,1862 594,1862 671,1862 748,1862 825,1862 903,1862 980,1862 1057,1862 1134,1862 1211,1862 1288,1862 1365,1863 1442,1863 1519,1863 1596,1863 1674,1863"/>
                <TextEquiv>
                    <Unicode>fernten enharmonischen Töne fis} und ges bei † zusammentreffen. — Ein ähnliches hierher beziehliches</Unicode>
                </TextEquiv>
            </TextLine>
            <TextLine id="line_1614538684270_5002" custom="readingOrder {index:2;} textStyle {offset:17; length:4;fontSize:0.0; kerning:0; letterSpaced:true;}">
                <Coords points="118,1914 1674,1917 1649,1874 118,1880"/>
                <Baseline points="128,1908 186,1908 245,1907 304,1907 363,1907 421,1907 480,1906 539,1906 598,1906 656,1906 715,1906 774,1906 833,1906 891,1906 950,1906 1009,1906 1068,1907 1126,1907 1185,1907 1244,1907 1303,1907 1320,1905 1346,1906 1373,1906 1399,1907 1426,1907 1452,1907 1479,1907 1505,1908 1532,1908 1558,1908 1585,1908 1611,1907 1638,1907 1665,1908"/>
                <TextEquiv>
                    <Unicode>Beispiel enthält Lobe's „Kompositionslehre” in Noten dargestellt, Seite 152. — Siehe nachstehende</Unicode>
                </TextEquiv>
            </TextLine>
            <TextLine id="r1l41" custom="readingOrder {index:3;}">
                <Coords points="120,1973 178,1972 191,1958 199,1965 346,1961 345,1922 295,1925 285,1915 268,1924 198,1921 183,1937 154,1922 119,1922"/>
                <Baseline points="130,1952 155,1952 181,1952 207,1952 233,1951 259,1951 285,1950 311,1949 337,1949"/>
                <TextEquiv>
                    <Unicode>Fig. 60 bei †:</Unicode>
                </TextEquiv>
            </TextLine>
            <TextEquiv>
                <Unicode>so müssen die vom Tone c nach oben und unten gleichweit abstehenden, unter sich aber um eine Octave ent¬&#13;
fernten enharmonischen Töne fis} und ges bei † zusammentreffen. — Ein ähnliches hierher beziehliches&#13;
Beispiel enthält Lobe's „Kompositionslehre” in Noten dargestellt, Seite 152. — Siehe nachstehende&#13;
Fig. 60 bei †:</Unicode>
            </TextEquiv>
        </TextRegion>
        <MusicRegion id="Music_1614538592119_4916" custom="readingOrder {index:6;} structure {type:floating;}">
            <Coords points="119,1967 1674,1967 1674,2388 119,2388"/>
        </MusicRegion>
        <TextRegion orientation="0.0" type="paragraph" id="TextRegion_1614538502851_4876" custom="readingOrder {index:7;} structure {type:paragraph;}">
            <Coords points="119,2388 1674,2388 1674,2609 119,2609"/>
            <TextLine id="r1l73" custom="readingOrder {index:0;}">
                <Coords points="218,2444 1672,2436 1647,2388 218,2396"/>
                <Baseline points="228,2430 299,2430 371,2430 443,2430 514,2430 586,2430 658,2430 729,2430 801,2430 873,2430 945,2430 1016,2430 1088,2430 1160,2430 1231,2429 1303,2429 1375,2429 1446,2429 1518,2428 1590,2428 1662,2428"/>
                <TextEquiv>
                    <Unicode>Wie gesagt, einen besonderen Werth hat der Zusammenklang in Fig. 54 nicht; bringt ihn aber der</Unicode>
                </TextEquiv>
            </TextLine>
            <TextLine id="r1l74" custom="readingOrder {index:1;}">
                <Coords points="124,2489 1462,2493 1671,2485 1671,2441 124,2442"/>
                <Baseline points="134,2474 210,2474 286,2474 363,2475 439,2475 515,2475 592,2475 668,2475 744,2475 821,2475 897,2475 973,2475 1050,2475 1126,2475 1202,2475 1279,2474 1355,2474 1431,2474 1508,2473 1584,2473 1661,2473"/>
                <TextEquiv>
                    <Unicode>Zufall irgendwo zum Vorschein, so ist derselbe, wie gezeigt, durch die alte Theorie bereits schon erklärt und</Unicode>
                </TextEquiv>
            </TextLine>
            <TextLine id="line_1614538696131_5018" custom="readingOrder {index:2;}">
                <Coords points="121,2532 140,2530 164,2540 175,2532 262,2532 270,2524 301,2524 301,2495 264,2501 252,2489 121,2488"/>
                <Baseline points="130,2518 158,2517 186,2517 214,2517 242,2518 270,2517 280,2516 292,2514"/>
                <TextEquiv>
                    <Unicode>begründet. —</Unicode>
                </TextEquiv>
            </TextLine>
            <TextEquiv>
                <Unicode>Wie gesagt, einen besonderen Werth hat der Zusammenklang in Fig. 54 nicht; bringt ihn aber der
Zufall irgendwo zum Vorschein, so ist derselbe, wie gezeigt, durch die alte Theorie bereits schon erklärt und
begründet. —</Unicode>
            </TextEquiv>
        </TextRegion>
        <TextRegion orientation="0.0" type="footnote" id="TextRegion_1614538498538_4872" custom="readingOrder {index:8;} structure {type:footnote;}">
            <Coords points="119,2609 1674,2609 1674,2754 119,2754"/>
            <TextLine id="line_1614538708614_5034" custom="readingOrder {index:0;} textStyle {offset:84; length:8;fontSize:0.0; kerning:0; letterSpaced:true;}">
                <Coords points="225,2678 1675,2686 1675,2628 225,2630"/>
                <Baseline points="235,2662 265,2666 284,2673 353,2673 422,2672 491,2672 560,2672 629,2672 698,2672 767,2672 836,2672 905,2672 974,2672 1043,2672 1112,2671 1181,2671 1250,2671 1319,2671 1388,2671 1457,2671 1526,2671 1595,2672 1665,2672"/>
                <TextEquiv>
                    <Unicode>*) Dieses Beispiel enthält, nebenbei bemerkt, seine Begründung und Anwendung in der strengen</Unicode>
                </TextEquiv>
            </TextLine>
            <TextLine id="line_1614538714245_5042" custom="readingOrder {index:1;} textStyle {offset:0; length:11;fontSize:0.0; kerning:0; letterSpaced:true;} textStyle {offset:33; length:5;fontSize:0.0; kerning:0; letterSpaced:true;}">
                <Coords points="274,2717 1573,2725 1674,2684 273,2682"/>
                <Baseline points="283,2710 308,2710 334,2709 360,2709 386,2709 412,2709 438,2708 464,2708 490,2708 515,2708 541,2708 567,2708 593,2709 619,2709 645,2709 671,2709 697,2710 723,2710 766,2708 810,2708 855,2708 900,2708 945,2708 990,2708 1035,2708 1079,2708 1124,2708 1169,2708 1214,2708 1259,2708 1304,2708 1349,2708 1393,2708 1438,2708 1483,2708 1528,2708 1573,2708 1618,2707 1663,2707"/>
                <TextEquiv>
                    <Unicode>canonischen Gegenbewegung. Siehe André's „Tonsetzkunst”, 2. Band, 2. Abtheilung, Seite</Unicode>
                </TextEquiv>
            </TextLine>
            <TextLine id="r1l82" custom="readingOrder {index:2;}">
                <Coords points="279,2756 1070,2756 1070,2719 1007,2708 279,2715"/>
                <Baseline points="290,2743 328,2743 367,2744 405,2744 444,2744 482,2744 521,2744 559,2744 598,2744 636,2744 675,2744 713,2744 752,2744 790,2744 829,2744 867,2744 906,2744 944,2744 983,2744 1021,2744 1060,2743"/>
                <TextEquiv>
                    <Unicode>168 und insbesondere das erste Beispiel auf Seite 173. —</Unicode>
                </TextEquiv>
            </TextLine>
            <TextEquiv>
                <Unicode>*) Dieses Beispiel enthält, nebenbei bemerkt, seine Begründung und Anwendung in der strengen&#13;
canonischen Gegenbewegung. Siehe André's „Tonsetzkunst”, 2. Band, 2. Abtheilung, Seite&#13;
168 und insbesondere das erste Beispiel auf Seite 173. —</Unicode>
            </TextEquiv>
        </TextRegion>
    </Page>
</PcGts>
