1793 2941
121 104 197 156 34
835 206 990 277 VIII.
222 299 1680 348 Den Septimenaccord läßt Weitzmann, wie auch mancher andere Theoretiker aus alter und neuer
124 348 1679 400 Zeit (Marpurg, Hauptmann), aus der Zusammensetzung (Uebereinanderstellung) zweier terzverwandter Drei¬
120 394 1676 440 klänge entstehen. Ob diese Anschauungsweise der Entstehung der Septimenaccorde zum Zwecke einer Harmonie¬
125 437 1670 491 lehre, der Bildungsmaxime gegenüber, wornach sämmtliche Grundaccorde nach einem bestimmten Princip
123 482 1674 525 terzenweise aufgebaut werden, einen Vorzug verdient, — darüber wollen wir heute nicht streiten. Anerkennen
126 533 1674 577 wird man aber, daß der Verfasser denn doch einmal daran dachte, die Art und Weise anzudeuten, wie
124 570 1672 620 Accorde gebildet werden, was er freilich, wie wir wissen, längst schuldig geblieben. Es wird nun ein Bei¬
121 617 1677 666 spiel vorgeführt, in welchem man einmal die Septime eines Vierklangs vorbereitet, ein andermal dieses In¬
122 665 1677 715 tervall der Octave nachgeschlagen findet. Die Bemerkung, daß man bisher nur dem Dominantseptimenaccorde
114 704 1677 751 und den Vierklängen mit kleiner Quinte und kleiner oder verminderter Septime das Vorrecht freien Eintritts
117 744 1672 796 einräumte, versetzt den Verfasser in eine quasi exaltirte Expectoration: „Die neuere Tonkunst aber läßt
123 794 1676 841 auch die schärfste Dissonanz frei auftreten, wenn es durch den Charakter des Tonstücks
121 837 1674 891 bedingt wird, und wenn dieselbe eine regelmäßige Auflösung oder Trugfortschreitung
121 883 1668 926 nimmt. Denn eine Rede darf mit einer Frage beginnen, wenn nur die Antwort darauf erfolgt, und die
119 929 1664 971 Mathematik darf den combinirtesten Lehrsatz aufstellen, wenn sie nur den Beweis dafür zu liefern im Stande
116 969 1665 1020 ist. Sollte also ein Tonstück nicht, wie folgt, mit einem Septimenaccorde, in welchem die herbsten Dissonan¬
118 1013 1669 1066 zen, eine übermäßige Quinte und eine große Septime, zugleich enthalten sind, beginnen können? Sollte
122 1058 1673 1109 nicht, wie hier im zweiten Tacte, ein schwerer Secund-, Quart-, Quint-Vorhalt ungebunden auftreten können,
115 1106 1666 1148 wenn nur, wie hier z. B., wo im ersten Tact der Grundton, im zweiten die Terze, im dritten die Quinte
118 1146 1675 1196 des A-moll-Dreiklanges durch einen Vorhalt von oben und unten verzögert wird, dem Ohre durch die
109 1194 1409 1244 folgende Harmonie auch die Bedeutung der vorhergehenden klar gemacht wird?”
218 1485 1668 1532 „Ja sollte die Dissonanz nicht zuweilen, gleich den so eben aufgestellten Fragen, die Antwort schuldig
114 1529 1292 1579 bleiben können, wenn dieselbe nur in dem Folgenden verdeckt enthalten ist, 2c. 2c.” —
217 1570 1669 1620 Der „Charakter des Tonstückes” und die „Auflösung oder Trugfortschreitung” sollen das Auftreten
114 1618 1674 1659 der „schärfsten Dissonanz” rechtfertigen, begründen!? — Was man auch immer in ästhetischer Hinsicht mit¬
116 1659 1664 1700 telst der Tonkunst erstreben kann oder zu erstreben vermeint, so wird aber kein Vernünftiger darüber streiten
118 1705 1673 1748 wollen, daß die melodischen, harmonischen und rhythmischen Tongestaltungen in allen Fällen dem
112 1746 1659 1790 Kunstgesetzlichen unterworfen bleiben müssen, wovon selbstverständlich die „schärfste Dissonanz”
113 1792 1671 1838 am allerwenigsten ausgeschlossen sein kann. — Nach solchen, des Verfassers, Behauptungen blieb es geradezu
112 1835 1662 1883 eine reine Nebensache, welchen Eindruck die je nach Belieben aus sonderbarer Lust zu einer barocken Tonmasse
109 1874 1671 1924 verbundenen „herbsten Dissonanzen” auf unser Gehör und Gefühl bei ihren Eintritten und während ihrer
120 1921 1669 1969 Dauer ausüben, — wenn nur zuletzt die Auflösung regelmäßig erfolgt! — Daß eine Rede mit einer Frage
120 1962 1670 2011 beginnen kann, ist eben so allgemein bekannt, als daß auch ein einziger Narr mehr fragen kann, als
111 2009 1664 2061 hundert gescheidte Leute zu beantworten vermögen; aber daß die „schärfste Dissonanz” einer Frage und die
117 2051 1658 2100 „Auflösung” einer Antwort gegenüber stehend verglichen werden, will uns nicht in den Kopf, indem nach
111 2098 1662 2140 des Verfassers eigener Erklärung man „die Antwort schuldig bleiben” kann, — aber auch die
116 2138 1657 2188 Dissonanz „eine regelmäßige Auflösung” zu nehmen habe!?! — Eben so ist uns nicht un¬
110 2186 1665 2227 bekannt, daß die combinirtesten mathematischen Lehrsätze aufgestellt werden können, wenn die Beweise dafür
119 2227 1666 2278 erbracht werden. Diese Beweise müssen aber an und für sich dem Verstande und der Vernunft einleuchten
109 2276 1664 2323 und nicht selbst auch noch der Rechtfertigung und Begründung bedürfen, wie es hier wirklich der Fall wäre,
113 2326 1660 2373 wollte man auf den „Charakter des Tonstückes” den Eintritt der „schärfsten Dissonanz” begründen; — das
110 2362 1662 2412 ist eine willkürliche Annahme, wenn überhaupt ein vernünftiger Sinn daraus gezogen werden wollte, aber
108 2410 1670 2453 keine einleuchtende und haltbare Begründung! — Ferner bringt uns der Verfasser zur Erläuterung seiner
115 2450 1662 2501 Behauptung in Fig. 45 einen übermäßigen Dreiklang mit Beifügung einer großen Septime. In seiner
112 2499 1667 2548 vorausgegangenen Abhandlung vom übermäßigen Dreiklang schränkt der Verfasser das Auftreten der über¬
110 2544 1662 2589 mäßigen Quinte ein. (Siehe oben, Seite 32, nach Fig. 40!) Zu dieser scharfen Dissonanz kommt nun in
112 2585 1661 2636 Fig. 45 noch eine zweite, die große Septime, und nun wäre dieser Zusammenklang mit seiner
114 2629 1342 2677 doppelten Schärfe sogar zu Anfängen von Tonstücken qualificirt!? —
177 2674 1658 2717 Die ersten Accorde im 2. und 3. Tacte der Figur 45 werden vom Verfasser für Vorhalte erklärt, —
107 2717 1424 2771 und doch fehlt denselben eine wesentliche Bedingung, die Vorbereitung! —
