1793 2941
96 114 170 174 12
97 225 1670 268 die Quintenparallelen eben durch die Umkehrung eine andere Stellung in den Harmonieen, als die Quarten¬
107 269 1665 315 parallelen, daher auch eine geänderte Bedeutung, wenngleich die letzteren Parallelen an und für sich ebenfalls
103 315 1662 354 widrige Fortschreitungen sind, und zweitens werden in allen kunstvernünftig geordneten Lehrbüchern der mu¬
99 354 1659 404 sikalischen Harmonie zu allen Zeiten bis auf unsere Tage *) die Quartenparallelen nur bedingweise
103 399 1663 453 erlaubt. Dieselben können nach der alten Lehre bekanntlich schon im dreistimmigen Satze verwendet
105 444 1666 493 werden, wenn sie durch Beifügung einer Terz, oberhalb, besser jedoch unterhalb, gedeckt werden. Siehe
93 489 352 541 Fig. 7 i und k:
209 793 1662 846 Nachdem nun die Aufhebung des Quintenverbotes verkündet ist, sagt der Verfasser am Schlusse dieser
108 841 1660 888 Abhandlung und im graßen Widerspruche mit dieser Aufhebung: „Dem Schüler aber wird der verständige
101 888 1651 932 Lehrer eine unschöne Quintenfolge ebensowohl wie eine geschmacklose Terzen- oder Sextenfolge verbessern.”
106 931 1662 980 Somit gibt es — obgleich das „musikalische Ohr” an den „fortgesetzten Quintenfolgen” seit „Jahrhunderten
103 971 1661 1020 Wohlgefallen” gehabt — dennoch „unschöne Quintenfolgen”?! Das ist eine seltsame Logik! Nach
101 1017 1661 1064 diesem Zugeständniß gehören aber auch gerade die Regeln zum Zwecke künstlerischen Gebrauches der Quinten¬
103 1064 1666 1113 parallelen insbesondere für den Schüler in die musikalische und zwar verständig geschriebene Grammatik; denn
105 1111 1655 1156 der durchgeschulte Meister bedarf ja für seine Kunstschöpfungen — in denen er weder künstlerisch Unschönes,
104 1154 1666 1205 noch weniger Sinnloses bringen wird (menschliche Versehen abgerechnet) — die grammatikalischen Regeln
101 1195 272 1245 nicht mehr.
207 1241 1662 1292 Die Terzen- und Sextenparallelen können mit jenen der Quinten und Quarten durchaus in keine
108 1289 1661 1344 gleiche Kategorie gebracht werden. Insbesondere wüßten wir nichts Bedenkliches gegen den Gebrauch der
115 1337 1656 1388 Sextenparallelen zu erheben, wenn man sich nicht gerade einer unmäßigen Verwendung derselben bediente,
107 1379 1667 1427 was allerdings Monotonie erregen könnte, daher reizlos und ermüdend wäre. Aber auch selbst die Parallelen
108 1429 1662 1476 von großen Terzen, wenn sie in ganzen Tonstufen aufeinander folgen und das bekannte „Mi contra Fa”, den ver¬
105 1470 1665 1515 meintlichen „diabolus in Musica” zur Erscheinung bringen, welcher Fall innerhalb der Durleiter von der 4. zur 5.
112 1511 1664 1563 Stufe eintritt, erregen die unangenehme Empfindung in dem Grade nicht, wie die Quintenparallelen, wovon
111 1561 1667 1604 man sich in Fig. 6 überzeugt haben wird. Nur warnt manches ältere Lehrbuch vor der Anwendung ganzstufiger
107 1602 1660 1651 Terzenparallelen im zweistimmigen Vocalsatze und bei langsamem Tempo. Im mehrstimmigen Satze, allwo
105 1643 1659 1692 dieselben unbedenklich in den Compositionen unserer größten Tonmeister, Bach und Mozart, ganzstufig und
106 1691 1668 1738 chromatisch vorkommen, werden selbst die feurigsten Quintenjäger sie nicht beanstanden, während die Folgen
102 1730 1666 1779 von Quintenparallelen an den meisten solcher Stellen als widerliche Fortschreitungen empfunden werden
105 1778 277 1822 würden. —
828 2003 940 2069 III.
206 2069 1665 2149 Zur Begründung der Tonarten und Tonleitern sagt der Verfasser: „In der Unter- und Oberquinte
114 2135 1388 2181 wird der Hauptton, die Tonica, seine nächsten Verwandten, seine Dominanten erkennen:
110 2237 1670 2292 und die auf diesen Tönen ruhenden Dreiklänge werden eben so die natürlichen Nebenaccorde des tonischen
115 2291 500 2341 oder Hauptaccordes bilden:
116 2422 1669 2476 Ein auf solche Weise zum Hauptaccorde erhobener Dreiklang bildet nun mit seinen beiden Dominantaccorden
114 2471 552 2518 das System der Tonart.”
215 2600 1569 2651 *) Siehe z. B. E. F. Richter's Lehrbuch der Harmonie“, 1. Auflage, Seite 112 und 114.
212 2642 1668 2693 **) Da die Quartenfolgen in den Accordlagen bei i dem musikalisch gebildeten Gehöre nicht befriedigend
269 2691 1678 2737 genug erscheinen, so werden sie im dreistimmigen Satze möglichst vermieden, dagegen im vier- und
269 2719 881 2775 noch mehrstimmigen Satze angewendet. —
