1793 2941
106 80 191 142 48
108 177 1679 242 und lückenhaftes System ist, weil die hierzu bedingten a) wissenschaftliche Entfaltung und b) die logisch-
111 232 1679 284 geordnete Folge des Lehrstoffs an vielen Stellen fehlen, um das Werkchen zu einem einheitlichen
108 280 1679 330 Ganzen zu erheben. Wir wollen hier, abgesehen von manchem anderen verworrenen Gemenge unklarer
108 319 1682 375 Begriffe, falscher Argumentationen, mißverstandener Beispiele aus classischen Compositionen, Widersprüche fast
118 369 1676 422 aller Art 2c., nur noch einmal auf den bereits erwähnten Mangel hindeuten, daß in diesem sogenannten
118 412 1679 463 Harmoniesystem nicht einmal eine Maxime für die Bildung sämmtlicher Grundaccorde angegeben wird, und der
108 455 1682 511 Verfasser bei der Aufstellung seines vermeintlichen Systems, resp. bei der ungeschickten Aneinanderreihung der
111 499 1673 551 Lehrobjecte, dem von ihm mißkannten Werke Hauptmann's folgte, ohne zu bedenken, daß dem letzteren Buche eine
112 543 1674 595 ganz andere Tendenz zu Grunde lag, namentlich die Bildung der Accorde in demselben, sowie noch manches
112 587 1680 639 Andere, als hinreichend Bekanntes vorausgesetzt werden konnte. Zweitens entbehren die vermeintlichen
112 633 1677 682 „Begründungen” entweder das wesentlich Fundamentale, nämlich triftige, haltbare und ein¬
112 677 1677 725 leuchtende Beweise, worauf wir ebenfalls mehrfach hingedeutet, so daß jene Bezeichnung geradezu un¬
115 724 1676 775 statthaft ist, — oder diese sonderbaren Begründungen sind oberflächlich, wie z. B. bei der Entwickelung
109 773 1680 816 des Tonsystems, oder auch verkehrte, wie zum Theile bei der Erklärung der Tonleitern, der Aufstellung
112 813 1680 858 der Tonartenverwandtschaft, der Gradation derselben 2c., wie wir ebenfalls nachgewiesen haben. Drittens
109 857 1670 903 ist, obgleich mit einer ungewöhnlich kecken Marktschreierei angekündigt, von einer „durch die neuesten Kunst¬
118 893 1683 948 schöpfungen bewirkten Umgestaltung und Weiterbildung der Harmonik” im ganzen Büchlein nichts zu
115 939 1680 994 finden, und eben so ist auch die Aufgabe, — „die Gesetze 2c. in früheren theoretischen Werken aber noch
121 984 1676 1034 nicht erklärte Zusammenklänge und Accordfolgen zu ergründen” ganz und gar ungelöst geblieben, denn es
111 1031 1679 1080 kommt in diesem vermeintlichen Harmoniesystem auch nicht ein einziger Accord vor,
115 1073 1670 1126 der nicht seine Erklärung in der älteren Musiktheorie fände. Und selbst die Accordfolgen und
114 1118 1678 1164 weiteren Gestaltungen mittelst harmoniefremder Töne, so grell und schroff dieselben hier und da in den aufgestellten
113 1162 1678 1210 Beispielen vorkommen, sind der alten Musiktheorie in technischer Beziehung nicht fremd; sie, die alte Musik¬
116 1201 1681 1256 theorie, warnt nur vor dem Gebrauche solcher Folgen und resp. Tongestaltungen, weil dieselben dem kunst¬
112 1252 1673 1305 gebildeten Gehöre und einem geläuterten Geschmacke mißfallen und mit dem Begriff schöner Tonforma¬
113 1293 1672 1346 tionen im Widerspruche stehen. Ueberhaupt sind dann auch mit Ausnahme eines Beispiels von Liszt,
119 1338 1677 1390 welches aber nicht sowohl der ohnehin ganz bekannten Accorde halber, sondern vielmehr wegen der Führungen
115 1385 1683 1432 der Septime und der Terz im Dominant- und verminderten Septimenaccorde herbeigezogen wurde, kein
112 1428 1677 1477 einziges Beispiel von einem Zukunftsmusik-Componisten — den „anerkannten praktischen
112 1471 1680 1524 Meistern”, — weder gebracht, noch erklärt oder begründet; es werden nur, freilich nicht selten,
119 1513 1681 1568 Accordverbindungen, oft ohne kunstvernünftigen Sinn und Plan, angegeben und von denselben im Allge¬
117 1559 1681 1615 meinen gesagt, daß sie „der neueren Musik angehörenden Harmonieen” seien. Solche anmaßliche Aneignungen
125 1604 1683 1656 sind aber deßhalb noch lange keine Begründungen oder Rechtfertigungen, ja nicht einmal Nachweisungen, ob
128 1647 1680 1696 solche Errungenschaften von Harmonieen und Accordfolgen nicht schon anderwärts früher vorkamen und als
115 1694 720 1744 wirkliche Kunstgebilde sich bewährt haben.
218 1732 1678 1791 Reiht man dann zu solchem, theils durchaus ungerechtfertigten, theils arroganten Verhalten noch die
122 1784 1674 1836 häufig kund gegebene Geringschätzung gegen die ältere Musiktheorie, aus welcher man aber gerade das noch
112 1829 1674 1881 Haltbare — wenn nicht ungeschickterweise verunstaltet — beibehalten oder entnommen, sowie die Aufstellung
112 1873 1674 1919 von Regeln und Beispielen, zuerst als allgemein Gültiges bezeichnet hat, dann aber wieder vor dem Gebrauche der¬
127 1916 1677 1966 selben warnt oder das Aufgestellte fast ganz aufhebt; und erwägt man endlich, daß man absichtlich das Auffallendste,
122 1966 1678 2008 Bizarre und Extravagante quasi als musterhafte harmonische Gestaltungen und zwar gleich einem Eroberer oder
116 2001 1690 2052 Erfinder „mit Recht” der „neueren Tonkunst” einräumt, so konnte freilich für das neue musikalische
119 2048 1684 2100 Schisma, die Zukunftsmusik, kaum ein Harmoniesystem aufgestellt werden, welches diese abnorme Kunstrichtung
118 2092 1353 2151 hätte besser charakterisiren können, als eben die Weitzmann'sche destructive Musiklehre. —
225 2139 1685 2198 Die „früheren theoretischen Werke”, welche nach des Verfassers Meinung Zusammenklänge und
120 2173 1682 2244 Accordfolgen unerklärt gelassen, tragen wohl auch, mehr oder weniger, Spuren der Unvollkommenheit an sich,
126 2235 1685 2281 und wir haben an mehreren Stellen unserer Beleuchtung gegen Unhaltbares und Mangelhaftes mit gleichem
120 2278 1682 2330 Freimuthe uns geäußert, wie gegen den exorbitanten Charlatanismus im Harmoniesystem der Zukunftsmusik;
125 2322 1684 2371 dagegen verfolgen doch alle jene älteren Werke vorwiegend eine instructive Richtung, zielen nicht nach
128 2366 1689 2423 Zerstörung, sondern streben vielmehr nach Verbesserung unserer Musiktheorie, — welche letztere allerdings
126 2401 1684 2463 nicht wie ein Pilz nach dem Regen plötzlich aus der Erde gewachsen ist, sondern seit Jahrhunderten nach und
123 2451 1691 2509 nach von begabten und hochverdienten Männern geordnet und aufgestellt wurde, und die wohl mit der Zeit
128 2499 1091 2552 auch zu einer immer noch größeren Vollkommenheit gelangen wird.
228 2543 1691 2605 Aber selbst diese Unvollkommenheit unserer Musiktheorie findet sich gerade am wenigsten im Harmo¬
124 2591 1695 2650 nischen, sondern vielmehr in andern Zweigen derselben, wovon zu reden hier keine Veranlassung gegeben
129 2639 1690 2692 war; denn jedes rationelle Lehrbuch der Harmonie, Tonsetzkunst, Compositionslehre 2c., stellt, worauf wir in
130 2680 1695 2735 unserer Beleuchtung mehrfach hingedeutet, auf Grundlage unseres allgemein angenommenen Tonsystems und
