1793 2941
104 72 191 133 38
842 211 917 276 X.
205 297 1659 357 Beziehlich des Begriffs Cadenz und der Klassification verschiedenartiger Cadenzen waren unsere älteren
105 347 1661 396 Theoretiker nicht vollkommen übereinstimmend. G. Weber z. B. nennt in seiner „Tonsetzkunst” jede Folge von
104 394 1665 444 einem Vierklange zu einem Dreiklange eine Cadenz. Sitzt der Dreiklang um 4 Stufen höher als der Vierklang, so sei
103 442 1661 485 dieses eine natürliche, andernfalls eine Trugcadenz, welche letztere dann entweder leitereigen oder
107 483 1658 531 ausweichend sein kann. Je nach der, dem Dreiklange vorausgehenden Vierklangsharmonie, gibt es dann
111 529 1654 579 Haupt- und Nebencadenzen, und endlich entsteht durch die Verbindung des Dreiklangs der 4. Stufe mit jenem
105 571 1661 621 der ersten die Plagal-Cadenz, während die Folge zweier Septimenaccorde eine vermiedene Cadenz
103 621 1663 669 genannt wird. Weber hat offenbar den Cadenzbegriff nur einseitig im Harmonischen gesucht, während
100 664 1659 717 die Cadenz vorzugsweise in der Satz- und Periodenlehre ihre eigentliche Bestimmung erhält. Nicht
102 707 1659 755 jeder Harmonieenschritt von einem Vierklange zu einem Dreiklange bildet eine Cadenz, einen Schluß.
108 753 1659 803 Mozart, in der Arie der Zerline: „Schmäle, schmäle, lieber Junge” 2c. („Don Juan”), i, Haydn, im
104 795 1662 843 ersten Allegro einer seiner Symphonien, k, und Beethoven, im Rondo seiner Sonate Op. 7, l, Fig. 51,
105 841 1042 893 hätten hiernach diese Tonstücke mit einer Cadenz beginnen lassen:
211 1705 1656 1755 Ja Beethoven hätte sogar in seiner Sonate, Op. 31, Nr. 3, weil er nach dem kleinen Vierklange
98 1753 1650 1797 von f den verminderten Septimenaccord von a folgen läßt, mit einer „vermiedenen Cadenz” an¬
102 1794 243 1846 gefangen.
207 1846 1657 1893 Klarer spricht sich Marx in seiner „Allgemeinen Musiklehre” unter „Schluß” aus, indem er die
100 1891 1655 1939 harmonische, melodische und rhythmische Bedeutung zur Cadenzbestimmung zusammenfaßte und je
103 1940 1666 1986 nach der, dem Finalaccorde vorangehenden Harmonie die Schlüsse klassificirt. Nur vermißt man daselbst die Folge
101 1983 1666 2026 vom Dreiklange der vierten Stufe zum tonischen Accorde. Jedoch wird dieser Schlußbildung in dessen „Kompositions¬
103 2018 1664 2068 lehre” gedacht, aber unter die Halbschlüsse gerechnet, später auch, eben daselbst, zu den Kirchenschlüssen
103 2066 1656 2117 beigezählt. — Lobe gibt in seiner: „Theorie von der thematischen Arbeit” eine sehr sachgemäße Eintheilung
103 2115 1660 2155 der verschiedenen Cadenzen und befriedigt wohl hierin am meisten. Nach demselben bilden an den Satzenden
102 2156 1656 2205 die Harmoniefolgen V oder V7 — I, in Moll V oder V7 — I, den Ganzschluß, und beide Harmonieen
103 2201 1662 2249 in den Grundlagen lassen dann diese Cadenz vollkommen, je der eine oder der andere Accord, oder auch
102 2242 1655 2292 beide Accorde in einer Umkehrung — oder auch nur der tonische Dreiklang in der Terzen- oder Quintenlage
109 2290 1662 2341 — aber unvollkommen erscheinen. Folgt dem Drei- oder Vierklange der fünften Stufe nicht der
102 2332 1655 2381 tonische, sondern ein anderer Accord, so entsteht der Trugschluß. Erscheint der Dreiklang der fünften Stufe
99 2378 1657 2422 als Cäsur-Accord, dem irgend welche Harmonie vorausgeht — was selbstverständlich nicht am Ende eines
103 2418 1660 2468 Tonstücks, sondern nur am Ende vorausgegangener Sätze oder Satztheile stattfinden kann, — so erhält man den
104 2466 1614 2514 Halbschluß und endlich durch die Folge IV — I, in Moll iv — i, entsteht der plagalische Schluß. —
101 2512 1661 2559 Dieser Eintheilung sind während dessen auch andere musikalische Schriftsteller gefolgt, unter welchen auch
102 2553 1659 2601 Richter in seinem zwar kleinen, aber sehr empfehlenswerthen Werkchen: „Die Grundzüge der musikalischen
101 2601 234 2651 Formen.”
203 2641 1669 2701 Weitzmann bringt nun in die gewonnene und, wie angedeutet, jetzt ziemlich allgemeine Uebereinstim¬
102 2700 1665 2748 mung der Cadenzeintheilung Abänderungen. Nach manchen ganz überflüssigen Bemerkungen, woraus eher
