1793 2941
1642 78 1718 142 57
160 189 1728 245 mehr der besonderen Nachweisung, daß die Musiktheorie, worauf in der „Kritischen Beleuchtung” bereits hin¬
166 241 1717 294 gedeutet wurde, nur die Frucht vielseitigen Nachdenkens und vieljähriger Erfahrungen sein kann, und daß sie
166 282 1715 332 nicht von pedantischen Tonlehrern aufgestellt worden und von „einseitigen Kritikern” aufrecht erhalten werde,
168 329 1725 380 wie man hier und da in großer Verblendung anzunehmen geneigt ist, und sich dann frivol und keck den
170 377 1721 428 musikalisch-despotischen Gesetzgebern zum Trotze der zügellosen Freiheit unbändig zu überlassen
163 417 1725 468 erlauben will, während man gerade dadurch gegen den besseren Theil seiner eigenen Natur sich auflehnt.
164 464 1715 507 Was Pedanterie und Einseitigkeit aufstellen, kann bei aller Mühe und Anstrengung nicht von Halt und Dauer
167 504 1712 557 sein; der allgemeine Menschengeist würde sich eben so gegen das Unvernünftige sträuben, wie der all¬
166 546 1078 604 gemeine Menschensinn gegen das Unschöne oder Häßliche. —
264 594 1722 642 Wie wenig das Beispiel Fig. II analog zu Fig. I gestellt werden kann, ist wohl von jedem Musiker
162 641 1388 691 leicht einzusehen und bedarf von unserer Seite keiner weiteren deßfallsigen Erörterung.
270 680 1717 733 Auch Beethoven, von welchem das „Harmoniesystem” drei Notenbeispiele zum vermeintlichen Be¬
167 729 1722 773 weise der Mangelhaftigkeit unserer alten Musiktheorie brachte, wird in diesem Schriftchen gleichfalls citirt:
159 770 1081 826 „Die ebenfalls oft besprochene Stelle in Beethoven's Eroica:
171 1240 1722 1292 „hat bisher nur bei den Aesthetikern eine „Entschuldigung” finden können. Nach meinem System findet
171 1283 1726 1340 sie eine natürliche [?] theoretische Erklärung, wenn man die Töne es und g des Hornes als regel¬
166 1338 1723 1380 mäßige [?], aber frei auftretende Verzögerungen der Töne d und f des vom ganzen Orchester an¬
166 1378 1004 1429 gegebenen, folgenden Dominantseptimenaccordes betrachtet:
265 1803 1723 1852 Nach dieser „theoretischen Erklärung” kann also wohl je nach Belieben jeder harmoniefremde Ton in
168 1848 1720 1894 einen Accord geschleudert werden, von wo man ihn dann ebenfalls ad libitum wieder abspringen läßt! —
168 1894 1728 1941 Weitzmann, obgleich er in seinem Harmoniesystem den Begriff von einer „Verzögerung” nicht präcisirte, hat
176 1942 1721 1981 aber doch unter dem Kapitel: „Dissonanzen” für die außer-accordlichen oder harmoniefremden Töne „stufen¬
175 1982 1724 2036 weise” Auflösung bedingt, wie auch aus mehreren Beispielen seines Harmoniesystems zu ersehen. Da nun
170 2024 1723 2074 aber in Fig. V nicht von g nach f und resp. von es nach d fortgeschritten wird, sondern im Gegentheile der
169 2067 1720 2116 Eintritt des Tones es wiederholt erfolgt *), und die beziehliche Stimme von diesem accordfremden Tone es
167 2114 1721 2163 nach B springt, sich also durchaus nicht, weder im Tone f, noch d auflöst, so ist auch diese
171 2155 1720 2203 „theoretische Erklärung” grundfalsch. Zu einer solchen falschen Erklärung hätten die Wechselnoten der
166 2201 1727 2252 alten Theorie dieselben Dienste geleistet. Ja es ließen sich sogar es und g des Beispiels Fig. V auch als
176 2243 1725 2284 Anticipationen des, freilich erst nach zwei Tacten erscheinenden tonischen Dreiklangs und daher immer nur
165 2289 1716 2340 mit der Concession von Licenzen erklären, welcher Licenzen-Theorie wir nicht huldigen, weil wir die Ton¬
169 2331 1722 2381 verbindungen nicht betrachten, wie sie sein könnten, sondern wie sie in Wirklichkeit erscheinen. Und
173 2370 1724 2422 so wird man auch für diese Stelle in der Eroica vergebens nach einer befriedigenden „theoretischen Er¬
169 2419 1720 2461 klärung” sich umsehen. Gelänge es aber auch statt der bisherigen ungenügenden Erklärungsversuchen eine
172 2465 1727 2507 bessere, d. h. allseitig einleuchtende Erklärung zu ermitteln, so würde immer der, durch diesen Accord¬
174 2506 1725 2558 zwiespalt (gleichzeitiges Auftreten von Bestandtheilen des tonischen und Dominant-Accordes ohne naturgemäße
266 2659 1715 2705 *) Das ist denn doch wohl nach Weitzmann'scher Terminologie eine Verzögerung der „Ver¬
321 2704 533 2756 zögerung”?! —
