1793 2941
103 105 183 161 40
822 266 929 340 XI.
206 362 1660 420 Da der Verfasser bisher öfter, namentlich bei seiner Besprechung der Tonartenverwandtschaft und der
111 411 1661 460 Accordfolgen, bei Auflösung der Septimenharmonieen 2c., der Modulation gedachte und auch Beispiele
107 457 1655 507 gebracht hat, welche, an den beziehlichen Stellen wohl zunächst für einen andern Zweck bestimmt, wenigstens
103 508 1655 554 als Modulationsmittel gelten könnten, so glaubt er, sich bei seinem Kapitel: „Modulation” etwas
101 544 1662 598 kürzer fassen und sich auch auf das schon bereits Vorgebrachte theilweise berufen zu dürfen. Wünschenswerth
101 592 1659 642 mußte es jedoch bleiben, in dem auf mehr als zwei Druckblätter enthaltenen Kapitel das Wesentlichste über
99 633 1651 684 diesen wichtigen Gegenstand in bestimmten klaren Zügen gezeichnet zu finden. Leider ergeht sich der Verfasser
103 677 1651 732 aber auch hier wieder oberflächlich in mehr allgemeinen Redensarten und Floskeln, gibt nicht einmal eine
101 722 1654 771 Definition von Ausweichung, stellt kein System auf, wornach man die verschiedenen Modulationsfälle bequem
101 764 1653 820 überschauen könnte und läßt es auch an den nöthigen Regeln und einer geordneten Eintheilung der Mittel
101 810 1651 860 für die mannichfaltigen Ausweichungsarten fehlen. So heißt es einmal: „Der Hauptsatz, welcher unser
102 856 1650 901 Interesse in Anspruch nehmen soll, ist der Gegenstand der ihm folgenden Besprechung und wird als Haupt¬
112 904 1652 948 sache auch die Haupttonart in Anspruch nehmen”; — und später liest man wieder: „Im zweiten Theile
103 948 1656 995 aber beginnt der Kampf der beiden Gegensätze; der Knoten wird geschürzt, und die Modulation kann nun,
104 987 1660 1035 bei der jetzt beginnenden Durcharbeitung der Motive des ersten Theiles, in die der Haupttonart entferntesten
108 1028 1660 1084 Töne hinübergeführt werden. Die Verwickelung aber findet ihre Lösung, wenn sodann der Hauptsatz, nebst
104 1076 1650 1123 dem Gegensatze des ersten Theiles, sowie der diesem folgende Schlußsatz in der Haupttonart ihre Ver¬
112 1122 1658 1170 söhnung und ihren Vereinigungspunkt finden.” — Das sind für den Sachverständigen, wenn man
102 1170 1657 1212 will, recht zierlich ausgeputzte Phrasen, und man kann in solcher Weise sich über die Form oder den Bau eines
103 1211 1659 1255 größeren Instrumental-Tonstücks auslassen, wenn man zur Unterhaltung schreibt. Was soll aber der Kunst¬
102 1255 1654 1298 jünger daraus lernen? — Der Verfasser beruft sich nun auf „die in dem Vorhergehenden ausführlich besprochenen
107 1298 1655 1347 Accordfolgen”. Eine solche Berufung genügt aber nicht, da jene Beispiele nur sehr unvollkommen je die neuen
100 1338 1648 1388 Tonarten erkennen lassen. Zudem hat der Verfasser nicht nur für einen „bestimmten Schluß” die „voll¬
101 1388 1660 1434 kommene Cadenz” zu verwenden verordnet, sondern dieselbe auch dazu bestimmt, um einem Tonstücke die
103 1443 1658 1484 „auftretende Nebentonart festzustellen.” Aber in allen jenen Beispielen kann auch nicht eine einzige
104 1473 1657 1525 „vollkommene Cadenz” im Sinne des Verfassers verstanden, aufgefunden werden. Wollte man nun
101 1528 1654 1573 aber auch nachsichtig jene Accordfolgen nur als angedeutete Modulations-Mittel, als Anläufe zu Aus¬
103 1562 1662 1612 weichungen gelten lassen, denen man einfach das zur Cadenz noch Fehlende beifügen könnte, was aber der
99 1609 1656 1653 Verfasser hier bei seinem Vortrage von der „Modulation” hätte sagen sollen, so geben jene Accord-Folgen
101 1652 1652 1701 keine umfassende und ausreichende Belehrung; denn bei den Dreiklangsfolgen, Harmoniesystem Seite 18,
103 1700 1658 1741 werden z. B. wohl von einem großen Dreiklange ausgehend alle übrigen große und kleine Dreiklänge, so¬
103 1739 1659 1783 mit die drei und zwanzig möglichen Fälle solcher Anreihung gebracht, nicht aber auch die andern drei
100 1783 1659 1835 und zwanzig Fälle von einem kleinen Dreiklange ausgehend. Noch viel mangelhafter sind die später bei
106 1824 1656 1868 den übrigen Accordverbindungen in Beziehung auf Ausweichungen gegebenen Beispiele. Um so mehr war es
98 1866 1656 1916 daher geboten, jetzt das Fehlende zu ergänzen. Aber der Verfasser bringt weiter nichts, als in neun
107 1914 1659 1957 Beispielen sechs Ausweichungen aus B-dur nach D-dur und visa versa drei Ausweichungen aus D-dur
102 1954 1659 2003 nach B-dur, womit er erläutert, daß man nicht immer „gradweise” *) von der einen Tonart zur andern
101 2001 1655 2048 sämmtliche tonische Dreiklänge der dazwischen gelegenen Tonarten F-, C- und G-dur ergreifen müsse, sondern
98 2043 1657 2091 daß man auch auf anderem, je nach Belieben kürzeren Wege dahin gelangen könne. — Eine Ausweichung
101 2090 1651 2132 aus Dur nach Moll, und umgekehrt, oder auch aus einer Molltonart in die übrigen Molltonarten, wird
107 2131 1657 2180 weder im Allgemeinen berührt, noch sind spezielle Beispiele gegeben. Eine unvollkommnere, dürftigere und
105 2178 1657 2225 systemlosere Ausweichungslehre in harmonischer Beziehung wird wohl kaum noch einmal anderswo gefunden
102 2219 330 2268 werden können!
199 2281 1646 2331 Daß nun die „neuere Tonkunst” zur Ausschmückung ihrer Tondichtungen, der Haupttonart gegen¬
100 2323 1655 2367 über, „absichtlich oft die schärfsten modulatorischen Gegensätze” auswählt, versteht sich von selbst, während
102 2369 1654 2411 die „ältere Tonkunst als modulatorischen Gegensatz fast ausschließlich die Tonart der Oberdominante er¬
103 2408 1657 2459 wählte.” — O du modulationsarme, alte, abgelebte Tonkunst! Warum hast du aber auch in Haydn,
102 2450 1660 2506 Mozart, Beethoven und Cherubini keine würdigere Repräsentanten zur modulatorischen Ausschmückung
210 2606 1661 2661 *) Der Verfasser versteht hierunter die von ihm verworfene, oder mindestens auf die Seite geschobene
253 2652 1660 2693 alte Ordnung der Tonartenverwandtschaft nach quintenweiser Folge! Mit der
253 2682 1654 2725 Verwerfung dieser Ordnung scheint er es eben so zu halten, wie mit seiner Aufhebung des
249 2720 659 2773 Quintenparallelen-Verbotes!
