1793 2941
1640 97 1718 151 17
261 492 1708 541 „Ein bestimmter Schlußfall aber wird durch terzverwandte Dreiklänge nicht herbeigeführt,
170 537 1713 584 selbst wenn, wie hier, der Baß einen Quintenschritt nimmt.” — Zur Erläuterung dieser Behauptung ist das
162 584 1666 628 vorgebrachte Beispiel kein gut gewähltes; denn der eigentliche Grund der Unbefriedigung des Schlusses —
166 625 1705 671 gerade weil „der Baß einen Quintenschritt nimmt”, und zwar von der Dominante zur Tonica —
158 665 1713 717 liegt nur in der für eine Cadenz falschen Stellung des Finalaccordes, welcher letztere auf
158 713 1202 764 gewichtigem Takttheil zu stehen hat. Versetzt man die 3 letzten Accorde:
164 1070 1703 1117 so wird die Schlußbildung brauchbar; die bei k ist häufig verwendet. Freilich ist dann der vorletzte Accord
155 1114 1714 1157 auch nur seiner äußeren Form nach ein vom Dreiklang der dritten Durleiterstufe abgeleiteter Sexten¬
162 1167 1709 1213 accord, nach seiner Beziehung zu der vorhergehenden, mehr aber noch zu der folgenden Harmonie ein
157 1211 1712 1260 Dominantenaccord mit einer Anticipation, dem Tone e}}. Ein Fall der zur Vorsicht mahnt, sich nicht
159 1259 1633 1304 durch äußeren Schein in die Irre führen zu lassen und darauf hin falsche Argumentationen zu bringen.
252 1309 1716 1356 Nach dem was wir oben unter Abtheilung II über den Widerspruch des Verfassers in Betreff der
158 1354 1705 1405 Quintenparallelen mitgetheilt, wird auch Niemand sich mehr über die nachstehenden Sätze verwundern:
156 1403 1707 1453 „. . . . ., wobei noch zu bemerken ist, daß bei verbundenen Dreiklängen verdeckte „Octaven und
161 1441 1715 1489 Quinten im strengsten Style **) erlaubt sind” — und später wieder: „Die verdeckten Octaven und Quinten
167 1482 1707 1540 sind auch hier, bei natürlichster Stimmenführung, sobald der Quintenschritt des Grundbasses zum Quarten¬
161 1530 1702 1582 schritte umgekehrt wird, unvermeidlich, und eben deßhalb „erlaubt”; doch ist auch hier eine jede andere zweck¬
152 1573 1711 1615 dienliche Stimmenführung anzuwenden;” — somit Alles aufzubieten, um die Quintenparallelen, die „Jahr¬
159 1619 1710 1664 hunderte” lang mit „Wohlgefallen” gehört wurden, zu vermeiden? — und endlich: „Auch bei dieser Accord¬
164 1664 1715 1716 folge kann sowohl der Grundton als die Terze zur Basis benutzt werden, wobei jedoch zu bemerken ist, daß
156 1708 1705 1753 bei Folgen unverbundener Dreiklänge die verdeckten Quinten, besonders beim stufenweisen Steigen
158 1752 1701 1805 des Grundbasses, eben so wenig wohlklingend als die offenbaren Quinten und deßhalb zu vermeiden sind.”
202 1798 1342 1852 — Also selbst die verdeckten Quintenparallelen beanstandet jetzt der Verfasser! — — —
894 2042 971 2109 V.
260 2118 1709 2173 Gleichsam als vermuthe Weitzmann selbst, die Leser möchten in den vorhergehenden Abhandlungen
162 2161 1711 2217 seines Harmoniesystems Lücken entdeckt haben, beginnt er unter der Ueberschrift: „Verwandtschaft der
162 2210 661 2261 Accorde und der Tonarten”:
261 2268 1702 2323 „Die bisher betrachteten consonirenden Accorde und deren natürlichste Fortschreitungen gehören der
153 2308 1701 2374 classischen sowohl wie der romantischen Tonkunst, der Vocal- und der Instrumentalmusik an; unserer Aufgabe
153 2353 1702 2404 gemäß hatten wir deßhalb nicht nöthig, eine ausführliche Begründung der dahin gehörenden Gesetze zu
154 2401 1710 2447 geben.” — Es ist nicht abzusehen, was der Verfasser hier unter „Gesetze” versteht. Meint er damit etwa
265 2551 1694 2610 *) Auch dieses Beispiel läßt sich ohne Abänderung nicht geradezu in die Molltonart, wesentliche Form,
312 2595 1697 2646 transponiren, weil sich vom 4. zum 5. Accord ein übermäßiger Secundenschritt im Alt ergäbe,
353 2630 1697 2676 und es ist hiermit auch unsere obige Rüge wegen Ausschluß der Beispiele in den Molltonarten
306 2657 662 2717 abermal gerechtfertigt. —
245 2704 1685 2756 **) Worin besteht des Verfassers und seiner Partei Unterschied zwischen strengem und freiem Styl? —
