1793 2941
108 137 183 190 24
110 238 1665 293 immer nur vier verschiedene Töne (die Bestandtheile eines verminderten Septimenaccordes), somit auch we¬
115 290 1666 335 sentlich nur vier Durtonarten abwechselnd mit ihren vier gleichnamigen Molltonarten ergeben. Aber welches
114 331 1665 380 Resultat wird aus dem Gemenge zweier so verschiedenartiger Reihen für eine richtige Gradation der Ton¬
113 382 1664 428 arten gewonnen? — Die Schritte von den Mittelpunkten C oder a aus, Fig. 27 und 28, nach allen
120 418 1671 469 Richtungen gezählt, sollen je nach ihren Abständen die Grade der Verwandtschaft bestimmen. Geht man
116 472 1669 517 z. B. nun von C, Fig. 27, aufwärts über G bis g, so steht letztere Tonart (g-moll) im zweiten Grade,
117 514 1664 558 während man dieselbe Tonart abwärts über F und B oder auch über a und d erst im dritten Ver¬
113 554 1671 605 wandtschaftsgrade mit C findet. Eben so werden hiernach die bereits nach Fig. 20 mit C im dritten
119 595 1668 644 Grad festgestellten Durtonarten A und Es hier in zweiten Grad erhoben! Ja, setzt man von dem vorhin
114 643 1668 692 bemerkten g noch einen Schritt weiter abwärts *), so erhalten wir c-moll, welche Tonart demnach mit
113 686 1672 739 C-dur im vierten Grade — conform der Marx'schen Zeichnung (Fig. 26) — stände, während sie in der
113 734 1664 781 nächsten Nähe neben C doch erstgradig figurirt!! Noch mehr! Schreiten wir von dem in den vierten Grad
112 779 1669 825 degradirten c (unterhalb g) noch einen Schritt weiter rechts, so erhalten wir C, so daß dann C-dur
111 827 1664 874 mit C-dur — also eine Tonart mit sich selbst — im fünften Verwandtschaftsgrade
118 865 1671 910 stände!!! — Weber glaubte nun, das Gewirr geordnet zu haben, indem er die Tonarten, die auf solche
108 912 1667 962 Weise nach irgend welcher Seite hin — also gradlinig oder im Zickzack — zum ersten Male auftreten, festhalten,
113 955 1672 999 ihr wiederholtes Auftreten nach andern Seiten hin dagegen unbeachtet fallen, somit keine Degradation, sondern
117 1003 1672 1044 nur Avancement gelten lassen will. Wenn sich hiernach z. B. die in Fig. 27 am weitesten vom Centrum
115 1041 1666 1084 abstehenden Bezeichnungen: A, h, E, fis, D, g, Es, b, As, es, B und d als die sämmtlichen zu C im
117 1087 1668 1132 dritten Verwandtschaftsgrade stehenden Tonarten zeigen, so fielen dann: A, D, g, Es, B und d aus, weil
111 1130 1665 1171 diese Tonarten sich schon im zweiten Grade vorfänden. Nach solcher Maxime die Gradation unter den Dur¬
113 1171 1666 1221 tonarten aufgestellt, kommen dann wohl G und F zu C richtig in den ersten Grad; in den zweiten Grad
107 1215 1676 1266 dann neben B und D auch noch A und Es; ferner in den dritten Grad E und As; und endlich in den
113 1262 1631 1316 vierten Grad H, Des, Fis und Ges. Fünfte und sechste Grade in Dur existirten dann nicht mehr!
214 1308 1246 1351 Dasselbe Ergebniß kann man dann auch nach Fig. 28 in Moll erzielen.
209 1351 1671 1396 Es ist unverkennbar, daß Weber bei Erweiterung des Bildes zur Bezeichnung der Grade von Ton¬
105 1393 1672 1441 arten verschiedenen Geschlechts, welches in seiner ersten Gestalt (Fig. 25) recht passend erschien, das Princip:
110 1435 1669 1483 die Tonabstammung und die Gemeinschaftlichkeit leitereigener Töne auch bei den
113 1483 1672 1531 Gradebestimmungen gleichnamiger und Paralleltonarten zu ihren beziehlichen Durton¬
114 1522 1678 1575 arten aufrecht zu erhalten, ganz aus dem Gesichtskreise verloren hat. — „Es führt kein anderer Weg
108 1570 402 1622 nach Küßnacht!” —
204 1612 1668 1660 Versuchen wir daher auf eine praktische, anschauliche Weise in die richtige Bahn einzulenken! Man
106 1662 1663 1706 vergleiche zu diesem Zwecke in nachstehender Fig. 29 die leitereigenen Töne sämmtlicher Molltonleitern in
110 1704 1670 1757 ihrer wesentlichen Form — links von der gleichnamigen und rechts von der Paralleltonart ausgehend — mit
106 1746 575 1789 den Tönen der C-dur-Tonleiter:
222 2702 1676 2752 *) G. Weber hat auf Seite 86 des zweiten Bandes seiner mehrerwähnten „Tonsetzkunst” die wag¬
269 2745 1675 2787 rechte Reihe von C — a (Fig. 27) rechts bis dis und links bis Ges verlängert, dann sämmtlichen
