1793 2941
1628 96 1711 150 29
263 202 1703 253 Aehnlich wie oben nach der Aufhebung des Quintenparallelen-Verbotes schränkt der Verfasser seinen
156 251 1716 298 „mit Recht” aufgestellten Satz wieder ein, fällt aus seiner Fortschrittsrolle und bringt abermal antiquitirten
160 290 1714 346 Quark aus der Zopfmusiktheorie: „Selbstverständlich gibt die oben angewandte natürlichste Stimmenführung
162 337 1702 388 und das Vermeiden der melodisch auftretenden übermäßigen und verminderten Intervalle, der offenbaren und
158 386 1706 435 verdeckten Quinten- und Octavenparallelen *), sowie der unharmonischen Querstände einer jeden Accordfolge
158 429 1710 477 den meisten äußeren Zusammenhang, wie denn endlich auch wohl zu beachten ist, Accorde von entfernter
158 474 1715 517 Verwandtschaft nicht in zu rascher Bewegung unmittelbar auf einander folgen zu lassen, um dem Ohre Zeit
153 514 1707 564 zu gönnen, auch den innern Zusammenhang der Harmonieen zu erfassen.” Sollte man nicht meinen, man
159 563 1284 612 höre aus grauer Zeit herüber den ehrwürdigen Albrechtsberger unterrichten! —
894 747 987 822 VI.
260 841 1702 893 Dissonanz, welche vom Verfasser in seiner Abtheilung „Consonanzen” für den Zweck des Harmonie¬
160 888 1708 932 systems schon hinreichend erklärt war, wird jetzt als die „melodische Verzögerung einer Consonanz” de¬
159 929 1708 977 finirt. Eben so könnte er dann auch beziehlich vieler Consonanzen sagen, sie seien die melodischen Auf¬
155 977 1707 1029 lösungen der Dissonanzen, was freilich in dem einen, wie in dem andern Falle das eigenthümliche Wesen,
155 1023 1194 1067 weder der Con-, noch der Dissonanzen zum richtigen Verständniß führte.
261 1064 1712 1107 Mit der oben, Seite 10, erste Anmerk., von uns für die Bereicherung der musikalischen Terminologie als
160 1111 1708 1158 werthlos bezeichneten Trugfortschreitung einer Dissonanz kommt nun der Verfasser jetzt bei der har¬
157 1155 1714 1196 monischen Trugfortschreitung nicht selten geradezu in Zwiespalt. So kann z. B. die Septime in unten
165 1195 1713 1251 stehender Fig. 33 sich normal abwärts auflösen, i, oder die beziehliche Stimme schreitet gar nicht fort, sondern es
165 1245 1719 1291 geht der festgehaltene dissonirende Ton beim Fortschreiten der übrigen Stimmen in das Consonanzverhältniß
157 1288 1710 1340 über, k; und doch haben wir in allen solchen Fällen harmonische Trugfortschreitungen, und in Erwartung
155 1336 682 1373 von Tonschlüssen Trugcadenzen:
254 1618 1707 1666 Will man nun Mißverständnissen vorbeugen, so muß man die Bezeichnung „Trugfortschreitung” für
153 1665 1709 1707 die Führung einer Dissonanz in eine andere Dissonanz verwerfen, oder durch die Bezeichnung melodische
149 1710 1706 1757 und harmonische Trugfortschreitungen, die Stimmenführung von den Accordfolgen oder Har¬
154 1757 674 1798 monieenschritten, unterscheiden.
257 1798 1712 1852 In der weiteren Verfolgung der Dissonanzen verfährt Weitzmann, den älteren Harmonielehrern gegen¬
154 1842 1714 1891 über, umgekehrt, indem er die Vorschläge, Durchgangstöne, Vorausnahmen und Vorhalte vor
155 1882 1294 1933 der Erklärung der dissonirenden Dreiklänge und der Septimenaccorde abhandelt. —
254 1930 1717 1973 Die Definitionen: „Vorschläge sind melodische Verzierungen eines Accordtones” und „Durch¬
153 1977 1709 2021 gänge” bilden die melodische Verbindung zweier Töne eines und desselben Accordes oder verschiedener con¬
162 2017 1717 2059 sonirender oder dissonirender Accorde”, bezeichnen wohl einigermaßen den Zweck dieser Nebentöne, aber nicht
151 2057 1712 2108 die Sache selbst. Die Vorschläge sind in der Regel, die Durchgänge immer harmoniefremde Töne,
155 2098 1717 2148 liegen daher außerhalb der Accorde und müssen sich stufenweise, also in Secundenschritten, in ihre
160 2141 1708 2187 beziehlichen Haupttöne auflösen, welche letztere Stimmenführung mit melodisch nicht identisch ist, da die
154 2185 1715 2236 Melodik die Stimmen stufenweise (gehend) und sprungweise (springend) zu führen lehrt, wie dann auch selbst
151 2226 1421 2276 Vorschläge springend vorkommen, in welchen Fällen sie als Accordbestandtheile erscheinen.
260 2274 1723 2325 Unter mehreren vorgeführten Beispielen dieser harmoniefremden Töne, womit jedoch keineswegs die
153 2321 1609 2367 verschiedenen Arten derselben erschöpft werden, befindet sich auch das nachstehende Beispiel in Fig. 34:
262 2676 1704 2725 *) Dem Verfasser scheinen denn doch die Quinten- und Octaven-Parallelen stark im Fleisch und
306 2716 1570 2764 Blut zu sitzen! Er kann sie trotz seiner Aufhebung des alten Gesetzes nicht los werden! —
