1793 2941
107 97 177 155 36
106 204 1678 269 folgenden Accord liegen bleibt? In ein Consonanz=Verhältniß mag ein solcher Ton beim Accordwechsel sich
110 258 1658 307 umwandeln, worauf wir oben in Abth. VI. und mit Fig. 33 bereits schon hingedeutet haben, aber er,
103 298 1058 340 resp. die betreffende Stimme, schreitet nicht fort! —
209 352 1209 397 Eines der Notenbeispiele dürfen wir unsern Lesern nicht vorenthalten:
210 624 1663 669 Der Verfasser sagt hierüber: „ . . . . es kann sogar eine Folge von übermäßigen Dreiklängen gehört
107 674 1663 723 werden, welche an Bitterkeit eine solche von verminderten Septimenaccorden bei Weitem übertrifft.” — De
105 715 1665 764 gustibus non est disputandum! Wir halten dieses Beispiel für ein prägnantes Motiv zu einer infer¬
113 756 1661 809 nalen Katzenmusik, im Wortsinne genommen, oder für Hottentotten-Ohren bestimmt! Denn die Folge
109 802 1663 847 dieser Zusammenklänge können wir für gesunde und gebildete Menschen — und wir setzen hierbei nicht ein¬
109 850 1659 893 mal besondere musikalische Bildung voraus — nicht genießbar finden! Wozu enthält nun aber das
103 891 1663 940 neue Harmoniesystem Regeln oder Vorschriften für den Gebrauch der übermäßigen Quinte, wie wir oben, Seite 32,
111 936 1661 979 fast unmittelbar nach Fig. 40 mitgetheilt und worauf wir uns während dessen schon einmal berufen? Hier in
116 979 1657 1033 Fig. 47 ist weder eine Vorbereitung zu finden, noch sind Durchgänge zu erkennen, sondern die übermäßige
111 1026 1667 1069 Quinte erscheint überall als frei eintretender Accordton *). Das Beispiel Fig. 47 steht demnach mit den
108 1068 1668 1111 vom Verfasser selbst aufgestellten Regeln im offenbaren Widerspruche. Soll dasselbe musikalisch brauchbar
110 1115 1666 1156 werden, so wäre es etwa folgendermaßen zu gestalten, allwo die übermäßige Quinte als chromatischer Durch¬
101 1153 325 1206 gang erscheint:
210 1446 1659 1500 In ähnlicher Weise hat Zumsteeg die übermäßige Quinte durchgehend in seiner Ballade: „Colma”,
109 1490 610 1542 Gedicht von Goethe, eingeführt:
214 2098 1663 2138 Mit den Folgen von verminderten Septimenaccorden jene des übermäßigen Dreiklangs selbst nur entfernt in
109 2137 1667 2188 Vergleichungzu bringen und hieraus eine analoge Verwendbarkeit zu Gunsten des letzteren annehmen zu wollen,
113 2186 1663 2232 hätte dem Verfasser gar nicht in den Sinn kommen dürfen, weil er Seite 40 seines Harmoniesystems sagt: „Er
123 2230 1663 2277 [nämlich der verminderte Septimenaccord] kann wie bemerkt, seines weich dissonirenden Charakters wegen
105 2275 1663 2322 unter allen Umständen frei auftreten, . . . . .” — Sehen wir nun auch von den Widersprüchen,
223 2425 1665 2476 *) Als solcher tritt er dem Anschein nach in Compositionen der alten Tonkunst auf und zwar als
267 2460 1667 2507 Dreiklang der 5. Stufe in Dur und in Moll, zuweilen auch als Dreiklang der 1. Stufe, wenn
262 2497 1667 2546 auf diese Harmonie der Subdominanten-Accord folgt, in welchem Falle dann in Moll auch noch
263 2539 1666 2581 die Terz zu erhöhen wäre. Der Accord ist dann in der Regel durch einen gemeinschaftlichen Ton
262 2577 1667 2614 mit der folgenden Harmonie, welche aber kein übermäßiger Dreiklang ist, verbunden.
263 2609 1668 2651 Die übermäßige Quinte wird dann in allen diesen Fällen von den alten Theoretikern als eine
270 2647 1667 2683 willkürliche Annäherung an die darauf folgende Note, und der Zusammenklang als ein chroma¬
263 2681 1664 2731 tischer durchgehender Accord, und nicht als eine Grundharmonie der beziehlichen Tonart
264 2714 1431 2757 erklärt. Als Beispiel sehe man das oben, Seite 32, in Fig. 41 mitgetheilte an. —
