1793 2941
110 87 195 151 42
221 178 1685 255 Der Verfasser spricht hier gleich im Anfange schon eine grobe Unwahrheit aus! Allerdings hat man,
119 240 1680 292 aber in längst vergangener Zeit, fast alle Töne, die in mehrstimmigen Tonsätzen gleichzeitig zu Gehör kamen,
116 289 1675 335 accordlich oder harmonisch aufzufassen und zu erklären gesucht, so daß manche Tonlehrer eine fast unüber¬
116 332 1675 386 sehbare Anzahl von Accorden aufstellten. Dagegen erklärte schon H. C. Koch in seinem 1782 erschienenen:
119 373 1683 427 „Versuch einer Anleitung zur Composition”, Band I, die daselbst auf den Seiten 222, 224 und 227 be¬
111 418 1678 471 nutzten chromatischen Töne als Durchgänge und Wechselnoten. Siehe Fig. 56, i, k, l und m,
114 462 553 513 die mit † bezeichneten Noten:
219 796 1678 866 In seinem später 1811 erschienenen „Handbuch bei dem Studium der Harmonie” kann man von Seite
110 855 1675 905 339 bis 342 ebenfalls mehrere chromatische Töne finden, die als Durchgänge und Wechselnoten erklärt wer¬
108 901 1684 956 den. Auch J. G. Portmann spricht in seinem Werke: „Leichtes Lehrbuch 2c.”, „Neue Auflage” vom Jahre
119 948 1678 998 1799 (die erste Auflage dieses Buches erschien im Jahre 1789) von dem Unterschiede harmonischer und
117 991 1673 1044 durchgehender Töne, nebst Wechselnoten, unter welchen beiden letzteren Arten von Tönen sich auch
111 1040 1678 1085 in den, auf die Erklärungen beziehlichen, dem Buche beigebundenen „Exempel der Composition”, Seite 9 und
117 1080 1678 1132 10, chromatische Noten finden lassen; nur sind dieselben nach damaliger Schreibweise in kleinen, melodischen
108 1122 1686 1180 Verzierungsnoten (Vorschläge, Doppelvorschläge, Schleifer und Doppelschläge) gedruckt. Noch präciser spricht
114 1171 1675 1222 sich Portmann in seinen, im Jahre 1798 erschienenen „Entdeckungen 2c.”, Seite 35 aus: „Diejenigen Accorde
115 1215 1668 1302 aber, welche nicht in dieser Grundharmonie anzutreffen sind, wie etwa in C-dur $$GRAPHIC und andere mehr,
114 1296 1686 1382 gehören der Harmonie auch nicht ganz an, sondern es hat der melodische Schmuck daran Theil, welcher von
116 1379 1435 1429 dem, was harmonisch ist, weggedacht werden muß. Daher ist folgendes Beispiel in C-dur:
104 1601 1677 1663 ganz leicht und gründlich zu erklären 2c. 2c.” — — Ebenso hat auch D. G. Türk in seiner „Anweisung
115 1651 1674 1703 zum Generalbaßspielen” (von welchem Buche uns im Augenblick nur die 4. Auflage zu Handen liegt, während
107 1692 1676 1741 die erste Auflage desselben bereits im Jahre 1781 erschienen) sich folgendermaßen ausgesprochen: „Daß in
111 1735 1672 1782 dem [unten Fig. 57 folgenden] Beispiele zwei Intervalle, nämlich die mit † bezeichnete Quarte und Sexte,
108 1779 1678 1829 nicht zu der unter dem Basse angedeuteten Harmonie gehören, und daß also diese beiden Intervalle hier
106 1822 1215 1880 ebenfalls nur im Durchgange vorkommen, wird hoffentlich Jeder fühlen.”
214 2255 1671 2312 Hiernach war man also mit der richtigen Erklärung chromatischer Nebentöne schon im vorigen Jahr¬
104 2302 590 2356 hundert vollständig im Klaren. —
210 2343 1680 2394 Umfassender hat G. Weber diesen Theil der Harmonielehre in seiner „Tonsetzkunst 2c.”, Band 3,
110 2385 1682 2446 von Seite 47 bis 184 behandelt, worauf wir, sowie auf die während dessen in großer Anzahl erschienenen
106 2438 768 2494 zur Musiktheorie gehörigen Werken verweisen.
213 2480 1675 2527 Nur der Verfasser des neuen Harmoniesystems, welcher es unternommen, die „noch nicht erklärten
106 2519 1678 2571 Zusammenklänge 2c.” zu „begründen”, ist wohl einzig und allein berechtigt, „mit Recht” diese sämmtlichen
109 2566 1679 2613 Theorieen kühn ignoriren und dreist behaupten zu dürfen, daß die „ältere Tonkunst” jeden „chromatischen Ton
102 2612 794 2669 als Bestandtheil einer Harmonie 2c.” betrachte! —
217 2647 1676 2705 Es ist ferner unwahr, daß die „ältere Tonkunst”, der Zukunftsmusik gegenüber, zwei enharmo¬
107 2697 1669 2749 nische Töne „nur in ihrer akustisch reinen Bedeutung gelten läßt.” Abgesehen davon, daß der Verfasser
