1793 2941
1629 90 1696 148 47
237 191 1706 249 Am Schlusse zeigt sich der Verfasser wiederum in der schon bekannten Manier, den freiesten Gebrauch
136 242 1698 292 dieser genialen Errungenschaften zu beschränken: „Es wäre nicht zu rathen, ein Tonstück mit vielen solcher
147 290 1706 340 scharfen Dissonanzen anzufüllen, namentlich würden dieselben in Vocalcompositionen, aus oben angeführten
142 337 1702 384 Gründen, zu vermeiden sein, aber so wenig man das Roth als zu grell hervorstechend aus der Malerei gänz¬
138 380 1696 429 lich verbannen würde, eben so wenig wird man einen haltbaren Grund auffinden können, jene schroff und
149 428 1704 477 seltsam klingenden Harmonieen gänzlich zu verwerfen *). Wie gefährlich es wäre, [sic!] dem Schüler die
138 475 1704 522 unbeschränkte Benutzung solcher scharfen Dissonanzen frei zu geben, braucht hier wohl nicht erst bemerkt zu
139 521 1702 558 werden. [Wirklich nicht?!] Dem Meister aber darf kein seinem Zwecke entsprechendes Mittel einer be¬
143 560 1698 605 fangenen Theorie wegen entzogen werden.” — Die vorstehenden Rathschläge, sowie das denselben noch folgende
144 601 1693 650 Schlußwort des Verfassers — inhaltlich nichts weiter, als ein aus den älteren Theorieen entnommener, zu¬
145 649 1692 694 sammengedrängter, aber matter Abklatsch der Gebrauchsregeln für die dem Gehöre hart erscheinenden Zu¬
146 690 1701 739 sammenklänge — können in Beziehung auf viele der vorausgestellten Notenbeispiele wohl keinen andern Ein¬
138 739 1697 780 druck bewirken, als wenn man eine moralische Vorlesung zur Gewinnung des ewigen Heiles abhält, vorher
138 777 1691 828 aber die Sünde in allen möglichen obscön gemalten Gestaltungen dem Auge vorgelegt hat. Selbst die ge¬
144 825 1702 869 wähltesten Ausdrücke und die in selbstgefälliger Meinung gelungensten und zierlichsten Phrasen, hintendrein
135 873 1692 919 gebracht, hält man dann für das, was sie in der That sind: widerlich sophistische Schön¬
137 913 1694 956 thuerei, um den leichtfertig vorausgeschickten destructiven Beispielen und Lehren ein Mäntelchen umzu¬
145 956 1696 1005 hängen! — Wir wurden früher schon zu der Erklärung veranlaßt, daß der Meister den Unterricht in der
138 1002 1700 1052 Theorie nicht mehr bedarf; er muß mit den von derselben festgestellten Kunstmitteln vollständig vertraut sein,
134 1051 1703 1092 muß seine Kunst „durchdacht” haben und sie „recht sicher kennen”, weil eben das „Tappen” nicht
143 1089 1704 1138 hilft, wie Goethe sagt. Dem musikalischen Kunstjünger aber, für den die Lehrbücher der Harmo¬
140 1137 1697 1189 nieen zunächst bestimmt sind, soll man für Auge und Ohr vorzugsweise das Kunstgesetzliche und
137 1179 1703 1222 Kunstbewährte vorführen, nicht aber zum größten Theile auffallende und grelle, selten und vielleicht theil¬
144 1230 1699 1277 weise kaum einmal im vielstimmigen Satze vorübergehend verwendbare Zusammenklänge, in langgehaltenen
141 1266 1694 1312 Tönen als bizarre Mißgestalten, hinstellen und dann nur im Allgemeinen vor der „unbeschränkten Be¬
145 1314 1702 1357 nutzung” warnen wollen. Das Kunstgesetzliche wird durch solches, mehr als „gefährliche” Verfahren weit in
138 1356 1695 1402 den Hintergrund gestellt, wenn nicht ganz und gar verdrängt und der Zügellosigkeit Thor und Thüre ge¬
139 1399 1696 1443 öffnet! Dem Malerjungen soll „das Roth als zu grell hervorstechend” für die Malerei nicht ganz verbannt
138 1443 1698 1492 bleiben; wie aber nun, wenn man ihm nur diese grelle und etwa noch eine oder die andere schmutzige
134 1489 1695 1539 Farbe zu seinen Pinselstrichen verstattet und abscheuliche Carricaturen als Vorlagen gibt? Er wird
136 1538 985 1582 dann gewiß recht tüchtig drauf los — Fratzen malen!
834 1962 993 2028 XIII.
250 2089 1706 2141 So hätten wir endlich das System kennen gelernt, welches der modernen musikalischen Richtung zur
138 2137 1707 2189 Basis ihrer Tondichtungen in harmonischer Beziehung dienen soll, sowie uns auch mit der eigenthümlichen
141 2178 1702 2227 Darstellung der „Erklärende Erläuterung und musikalisch-theoretische Begründung der durch die neuesten
134 2224 1699 2269 Kunstschöpfungen bewirkten Umgestaltung und Weiterbildung der Harmonik” bekannt gemacht, und nicht
137 2273 1703 2314 minder die Art und Weise erfahren, wie man die gestellte Aufgabe: „Die Gesetze der in neueren Tonwerken
142 2315 1699 2354 anerkannter praktischer Meister erscheinenden, in früheren theoretischen Werken aber noch nicht erklärten Zu¬
143 2356 1694 2402 sammenklänge und Accordfolgen zu ergründen und deren natürliche Grenzen aufzufinden” gelöst hat! —
139 2402 1708 2452 Mittelst unserer Beleuchtung glauben wir aber dagegen zur Evidenz nachgewiesen zu haben: Erstens, daß
137 2449 1704 2498 diese Grundlage des harmonischen Theiles der Zukunftsmusik kein, oder doch nur ein höchst mangel¬
253 2634 1696 2687 *) Accorde in kunstverständiger Verwendung, wie sie in den Beispielen von Beethoven und Haupt¬
298 2674 1700 2716 mann (Fig. 61) erscheinen, hat die Theorie, wie auch schon oben bemerkt, nie verworfen; — sie
302 2705 1353 2757 hat sie nur auf andere Weise erklärt, wie gleichfalls oben erörtert wurde. —
