1793 2941
106 91 191 149 52
123 202 1682 245 schaftliche Grammatik” gegeben! Sind etwa die andern „guten Theorieen” nicht wissenschaftlich? Das ist
123 251 1667 292 ja eine heillos chaotische Logik! Wenn Weitzmann später behauptet, „geweihte Künstler” könnten „nicht
118 293 1094 338 unlogisch schreiben”, so ist er jedenfalls kein „geweihter Autor!” —
219 344 1670 389 Wie will man ferner die Behauptung rechtfertigen, daß die „wissenschaftliche Grammatik” Haupt¬
115 391 1669 437 mann's „auf ein ideales, reines Tonsystem gebaut” sei? — In der Einleitung des Hauptmann'schen Werkes
111 434 1663 484 wird Seite 5 gesagt: „Alles theoretisch bereits Nachgewiesene und praktisch Bestätigte der physikalischen Klang-
111 481 1670 532 und Intervallen-Lehre wird hier als bekannt vorausgesetzt werden. Eben so müssen wir auch die Kenntniß
112 523 1666 571 des gesammten praktischen Musikgebietes im Ganzen und in seinen einzelnen Theilen voraussetzen dürfen: die
109 564 1670 614 praktische Kenntniß der Harmonie und Metrik, Beider nach allen Momenten ihres äußeren Erscheinens, sowie
107 611 1668 669 die Kenntniß der gebräuchlichen technischen Benennungen für alle in diese Gebiete einschlagenden Gegenstände;
110 658 1662 701 denn es ist die Absicht nicht, eine Unterweisung in diesen Dingen, ihrem äußeren Vorkommen und ihrer
112 699 1666 748 künstlerischen Anwendung nach, oder für dieselbe hier geben zu wollen, — wir haben für diesen Zweck an
114 739 1662 793 den verschiedenartigsten mehr oder minder guten und gründlichen Werken keinen Mangel — sondern vielmehr
110 784 1660 844 ist die Absicht, eine natürliche Begründung des harmonisch-metrischen Gesetzmäßigen zu suchen, das Princip,
106 834 1662 876 aus welchem die mannigfaltigen Aeußerungen nach allen Seiten als von innen heraus bestimmte hervor¬
114 876 1650 925 gehen und sich entwickelnd gestalten zu den uns bekannten, uns wieder innerlich ansprechenden Erscheinungen.”
117 925 1665 972 — Hiernach ist das Buch Hauptmann's mehr eine Philosophie der musikalischen Theorie und kann daher
118 965 1662 1012 selbstverständlich weder auf ein „ideales”, noch reales, überhaupt auf gar kein Tonsystem gebaut
109 1009 1671 1056 sein. Wohl wird schon auf den ersten Seiten der „Einleitung” bei der Erwähnung, daß den musikalischen
112 1056 1662 1100 Lehrbüchern gebräuchlicher Weise ein akustisches Kapitel vorangehe, der Tonverhältnisse gedacht und auch weiter
113 1103 1663 1155 ausgeführt, daß in diesem Kapitel die Verhältnisse nach Schwingungszahlen oder nach Saitenlängen dargelegt
111 1148 1662 1191 würden, ferner, daß dieselben ihre Bestimmung von den meisten Theoretikern aus den Verdoppelungen, Po¬
112 1189 1673 1235 tenzen und wechselseitigen Produkten der Zahlen 1, 3 und 5, sowie bei Einigen aus der Zahlenreihe von
114 1232 1664 1276 1 bis 16 oder endlich auch aus dem Mitklingen der Beitöne (Aliquottöne) erhielten; aber dem Tonsystem als
119 1280 1667 1325 solchem, d. h. den Tönen und den Tonverhältnissen in ihrer Gesammtheit, ist im Buche selbst nicht einmal
110 1324 1665 1366 eine eingehende Abhandlung oder Darlegung gewidmet, wie z. B. der Bildung des Klanges, des Drei¬
112 1370 1662 1413 klanges, der Tonarten, der Tonartensysteme 2c., und jener des Metrums, des Rhythmus 2c. Wäre nun aber
115 1410 1669 1459 auch dem Tonsystem gleich andern Abtheilungen der Musiktheorie eine besondere philosophisch-kritische Ab¬
110 1459 1670 1507 handlung im Buche zugewiesen, so blieb immer die Folgerung, daß dasselbe auf irgend welches Tonsystem
107 1497 844 1552 gebaut sei, eine durchaus ungerechtfertigte, falsche.
213 1551 1667 1601 Eben so bleibt völlig unklar, was überhaupt unter den Begriff: „ideales, reines Tonsystem” gebracht
111 1595 1669 1645 werden soll. Ein System nach akustischer Berechnung, wie diese in der Abtheilung I unserer „Kritischen
113 1643 1670 1692 Beleuchtung” angedeutet ist, etwa weil Hauptmann an mehreren Stellen seines Buches, z. B. Seite 1, 2,
108 1689 1665 1735 3, 56, 137 2c., Tonverhältnisse in Zahlen angegeben hat, konnte Weitzmann wohl nicht meinen; denn es ist
110 1733 1664 1772 wieder selbstverständlich, daß alle diese Verhältnisse, oder alle Töne gegen einander, mit Ausnahme der reinen
107 1769 1665 1820 Octave, für den Gebrauch unserer heutigen Musik in ihrer mathematischen („idealen”?) Reinheit nicht ver¬
111 1821 1669 1869 wendbar sind, sondern der Temperatur bedürfen, was auch zur Begründung der vermeintlichen Errungenschaft
105 1862 1668 1907 der „Enharmonik” gleich am Anfang des „Harmoniesystems” (siehe Seite 9 u. 10 der „Krit. Bel.”) besonders her¬
108 1907 1669 1947 vorgehoben ist, wovon wir in Abtheilung XII, Seite 41, wiederholt Notiz genommen, — sowie dann in dem
112 1945 1668 1988 Buche Hauptmann's unseres Wissens sich keine Anhaltspunkte finden lassen, wornach der Nothwendigkeit des Tem¬
112 1990 1667 2042 perirens widersprochen wäre *). — Sämmtliche aneinander gereihten unwahren und paradoxen Behauptungen
116 2036 1669 2084 Weitzmann's beruhen demnach auf total verworrener Anschauung oder absichtlicher Entstellung des Wahren.
209 2091 1662 2141 Ob es Hauptmann gelungen, ein Princip erforscht zu haben, in welchem alle Erscheinungen
112 2137 1673 2180 auf dem harmonischen und musikalisch-metrischen Gebiete, von der Klangentstehung bis zu den complicirtesten
114 2178 1672 2221 Toncombinationen, in analoger Folgerichtigkeit ihre Erklärung und Begründung finden können, was seiner
115 2215 1665 2275 Zeit G. Weber, wenigstens nach dem damaligen Stand der Musiktheorie, quasi bestritten (siehe dessen
113 2270 1661 2318 „Theorie der Tonsetzkunst”, 3. Auflage, Band 1, Vorrede Seite X), dürfte wohl später zur Entscheidung ge¬
207 2415 1662 2465 *) Chladni erklärt in seiner Schrift: „Kurze Uebersicht der Schall- und Klanglehre”, daß es keine
267 2459 1660 2505 Frage sei, ob temperirt werden soll, sondern wie eine Temperatur am besten einzurichten wäre,
264 2495 1664 2534 wobei er sich, wie auch schon Marpurg und Türk, für die gleichschwebende Temperatur aus¬
275 2530 1666 2575 spricht, indem er ausdrücklich sagt, daß „eine Eintheilung der Octave in 12 einander gleiche kleine
266 2566 1661 2610 Stufen” erforderlich sei, welche Eintheilung jedoch nur in Irrationalzahlen angegeben werden
268 2603 1670 2644 könnte und schließt dann auf Seite 105 mit der Bemerkung: „Da wir nun dieses haben, so wird
267 2637 1661 2678 durch alle möglichen Grübeleien niemand etwas ausfindig machen können, das besser und brauch¬
261 2668 1663 2715 barer wäre und also an dessen Stelle gesetzt zu werden verdiente; man kann es also recht füglich
265 2705 593 2757 dabei bewenden lassen.”
