1793 2941
1637 81 1716 137 59
155 186 1711 237 wiesen haben. Wer z. B. aus sonderbarer Lust, aber absichtlich, ein den ästhetischen Lehrsätzen wider¬
165 235 1723 286 sprechendes Kunst-Unschönes schaffen würde, verführe, wenn auch nicht kunstvernünftig, so doch in einem
157 281 1721 331 gewissen Sinne nicht geradezu unlogisch. Daß aber die „Ueberzeugung” von der Infallibilität „geweihter
163 327 1722 372 Künstler” sich mit einer freien geistigen Selbstständigkeit bei der Aufstellung eines nach „Principien geordneten
166 368 1718 416 Systems” nicht vereinigen lasse, ansonsten diese Selbstständigkeit in jener „Ueberzeugung” aufgehen müßte,
161 418 790 465 Das erscheint uns logisch richtig! —
255 457 1712 499 Wir könnten so fortfahren und auf jeder noch folgenden Seite dieser Vertheidigung der Verzögerungs-
158 500 1706 547 und Abnormitäts-Theorie Stoff zu Widerlegungen finden, genügte das Vorstehende nicht für unsern im
161 544 1701 591 Eingange dieses Nachtrags angegebenen Zweck. Auch würden wir Vieles aus unserer „Kritischen Beleuchtung”
162 592 1716 635 wiederholt sagen müssen. Nur wollen wir in Betreff der Quintenparallelen-Vertheidigung, wozu mitunter
160 635 1713 677 Beispiele herbei geholt wurden, die kein Musiker als fehlerhafte erkennt, bemerken, daß die vermeintlichen
157 675 1711 724 „guten Quinten”, schon von Stöpel in seinem: „Neues System der Harmonielehre” und in einer Ab¬
162 723 1712 770 handlung in der Leipziger „Allgemeinen musikalischen Zeitung” vom Jahr 1825, dann nach ihm von
163 767 1709 813 André, Marx und Hauptmann gebilligt, sammt und sonders nur passiren können, wenn sie, wie in der
162 814 1716 859 „Kritischen Beleuchtung” gesagt wurde, gedeckt sind, somit gerade als Parallelen nicht, oder fast un¬
161 856 1721 901 merklich, empfunden werden. Wer hieran noch zweifelt, bevorzuge in irgend einem beliebig ausgewählten
156 898 1712 949 Beispiel die beiden Stimmen, denen die Quintenparallelen zugetheilt sind, durch stärker tönende Instrumente
167 945 1715 988 oder heller klingende Kehlen, oder auch nur durch stärkeren Anschlag auf dem Klavier. Ob nun in allen
156 987 1716 1036 Fällen und zu jeder Zeit vermieden werden kann, daß im vier- und mehrstimmigen Satze die beiden mit
157 1036 1711 1083 Quintenparallelen bedachten Stimmen nie die besondere Aufmerksamkeit auf sich lenken, wird schwer nachzu¬
157 1077 1715 1131 weisen sein, abgesehen davon, daß bei Musikproben solche zwei Stimmen unter sich vereint nicht eingeübt
161 1123 1709 1165 werden können. Die Quintenparallelen, ohnehin von jedem einigermaßen geschulten Musiker leicht zu ver¬
162 1164 1596 1213 meiden, sind demnach, wenn sie als solche gehört und empfunden werden, nie „gute Quinten.” —
269 1209 1713 1253 Am Schlusse ereifert sich dann Weitzmann noch einmal gar gewaltig gegen „oberflächliche und grund¬
167 1250 1713 1301 lose Angriffe“ auf sein „Harmoniesystem”, räumt dem „einseitigen befangenen Kritiker” keine Befugniß zur
161 1299 1713 1349 „Entscheidung” ein, sondern stellt sein Buch, resp. die „hier angeregten Streitfragen” dem „unbefangenen
155 1344 1715 1396 und selbst prüfenden praktischen Musiker” anheim. — Wenn ein Vater seinen krumm und lahm ge¬
161 1384 1717 1429 bornen Sohn von einem frühzeitigen Tode mühsam zu retten sucht, so ist dieser Zug des väterlichen Herzens
157 1425 1724 1472 verzeihlich; aber der gute Papa muthe nur der übrigen Menschheit nicht zu, seinen mißgestalteten Sprößling
156 1474 606 1525 für einen Adonis zu halten. —
