1793 2941
1647 89 1726 140 51
263 178 1720 239 Das Schriftchen beginnt erzählend: „In einer bei der Tonkünstler-Versammlung zu Leipzig am
162 235 1722 283 3. Juni 1859 gehaltenen Vorlesung über die Geschichte der Harmonie und ihre Lehre, welche in den 4 ersten
168 283 1716 324 Nummern des 51. Bandes der „Neuen Zeitschrift für Musik” (Leipzig bei Kahnt) nachzusehen ist, und welcher
162 326 1720 372 die Ehre zu Theil ward, in einer Wiener Musik-Zeitung nachgedruckt zu werden, erwähnte ich des von Herrn
162 369 1723 419 Dr. Brendel ausgesetzten Preises für eine theoretische Schrift, in welcher die harmonischen Freiheiten, die
164 418 1718 460 anerkannte Tonmeister, wie Beethoven, Schumann, Berlioz, Wagner, Liszt u. A. bereits er¬
166 459 1720 515 kämpft [?] haben, nun auch als rechtlich begründet dargestellt werden sollten. Zugleich deutete ich an, auf
165 508 1718 555 welche Weise eine solche Schrift aufgefaßt werden könnte. Viele der damals dort anwesenden Musiker drückten
168 548 1726 598 hierauf den Wunsch aus, daß ich selbst mich bei der deßhalb eröffneten Concurrenz betheiligen möchte. Auf
168 600 1720 644 meine Erwiederung, daß ich schon als Preisrichter bei dieser Angelegenheit bethätigt sei, wurde mir nachge¬
169 640 1718 691 wiesen, daß in der Einladung zu dieser Concurrenz etwaige Arbeiten der drei Preisrichter nicht ausgeschlossen
171 681 1714 733 seien, da, wenn auch einer derselben die Beurtheilung eines bestimmten Werkes ablehnen sollte, den beiden
165 730 1719 779 andern Richtern immer dennoch das Auszeichnen oder das Verwerfen desselben frei stehe. Hierdurch er¬
165 777 1717 820 muthigt, unternahm ich die Ausarbeitung meines Harmoniesystems, welche das Glück hatte, von den beiden
163 817 1573 867 andern Herren Preisrichtern als die Beste [beste] erkannt und mit dem Preise gekrönt zu werden.”
265 873 1722 925 Weitzmann hat in dieser Mittheilung von seinem „Glück” die Namen der übrigen Preisrichter,
159 914 1715 965 Hauptmann und Liszt, zu nennen versäumt. Ersterer lehnte jedoch die zugemuthete Ehre eines
172 961 1718 1004 Compromissarii ab, statt dessen sich dann Lobe dafür hergab. Wir können wohl dem geneigten Leser füg¬
166 1004 1722 1053 lich überlassen, über diese gewiß seltene Art und Weise, wie ein erwählter Preisrichter als Preisconcurrent
162 1052 1718 1095 zum „Glück” gelangen kann, sowie über die ganze Komödie, zu welcher die Acteure (Preisrichter und min¬
162 1095 1719 1138 destens der beglückte Mitbewerber) schon vor der Action öffentlich bekannt geworden, seine eigene Glossen zu
159 1143 1728 1187 machen. Wie höchst interessant hätte sich aber möglicherweise die Sache gestalten können, wenn die drei
164 1180 1466 1237 Preisrichter, und gar ausschließlich nur diese drei, um den Preis concurrirt hätten! *) —
265 1244 1716 1293 „Eine erste wissenschaftliche Grammatik der Tonsprache hat uns mein hochverehrter Lehrer M. Haupt¬
166 1289 1717 1342 mann gegeben, wie ich schon in der oben erwähnten Vorlesung öffentlich und nachdrücklich ausgesprochen
168 1330 1718 1377 habe. Diese ist aber nur theoretisch, also ganz abstrakt, auf ein ideales, reines Tonsystem gebaut, und
169 1376 1729 1421 stellte es sich zur Aufgabe, die allgemeinen Naturgesetze der Harmonik und der Metrik zu ergründen, nicht
161 1418 1721 1477 aber eine praktische Harmonielehre darzubieten. Diese Grundgesetze nun werden freilich in jeder guten Theorie
159 1465 1715 1516 dieselben sein, denn sie sind nicht von Hauptmann erfunden, wie einer meiner Kritiker behauptete,
166 1505 1150 1556 sondern von ihm zum ersten Male wissenschaftlich festgestellt worden.”
269 1562 1716 1611 Mit so wenig Worten so viel Unsinn auszusprechen und dabei Unkundigen gegenüber in einen gelehr¬
163 1609 1539 1653 ten Nimbus sich einzuhüllen, wie es hier Weitzmann gelungen, muß man wahrlich bewundern!
262 1665 1723 1710 Was versteht man denn eigentlich unter „Grammatik der Tonsprache?” Nach dem was G. W. Fink
162 1711 1720 1756 unter dem Titel: „Musikalische Grammatik” schon im Jahre 1836 herausgegeben, begreifen wir nicht, wie
162 1754 1727 1797 das Hauptmann'sche Buch eine „Grammatik” — eine Regellehre — sein kann. Hauptmann selbst nennt
165 1801 1723 1845 es eine „Naturlehre der musikalischen und metrischen Kunst”, was auch Weitzmann mit seinen vorstehenden
160 1845 1724 1887 eigenen Worten bestätigt, ja sogar ausdrücklich sagt, daß keine „praktische Harmonielehre” dargeboten worden,
166 1882 1725 1932 womit er dann aber auch gegen jene seine erste Bezeichnung „Grammatik” im Widerspruche steht. Er selbst
165 1930 1715 1978 hat aber auch keine „praktische Harmonielehre” gegeben, sondern ein sogenanntes Harmoniesystem,
167 1970 1711 2019 eine „musikalisch-theoretische Begründung 2c..” wie der Titel seines Buches angibt. Diese „Grundgesetze”,
169 2016 1715 2060 welche die „Grammatik” als „Naturgesetze” zu „ergründen” sich zur Aufgabe stellt, sollen nun „in jeder
171 2063 1715 2108 guten Theorie dieselben sein,” nicht von Hauptmann erfunden, und doch hätte er auch die „erste wissen¬
262 2226 1723 2269 *) Daß durch die gekrönten Musikwerke bis jetzt noch keine geniale Componisten hervorgezaubert
320 2272 1717 2311 wurden, ist bekannt. Aber nicht überall war man bei den Preisbestimmungen leichtfertig.
323 2304 1716 2347 So wurde von vier und siebenzig Compositionen, welche vor etwa 12 Jahren nach einem
316 2339 1717 2380 Preisausschreiben für die beste Vocalmesse in Wien eingingen, keine des Preises würdig erachtet,
319 2379 1720 2420 und von zwei hundert sieben und dreißig Compositionen, die in Folge eines Ausschreibens
320 2410 1715 2453 vom „Schwäbischen Sängerbund” in Stuttgart einliefen, konnte keine den ersten Preis erhalten.
370 2445 1719 2484 — Daß man nun auf diesem Wege auch das beste Harmoniesystem gesucht, mag sich wohl recht¬
322 2479 1716 2523 fertigen lassen, nicht aber, daß die Preisrichter eine mißgerathene Arbeit, wie das Weitz¬
313 2517 1719 2564 mann'sche Harmoniesystem, gekrönt haben. — In wie weit solche Preisaussetzungen der Kunst
322 2552 1715 2588 überhaupt förderlich sein können, jedoch aber immer nicht in dem Grade, wie zweckmäßige Ein¬
320 2586 1719 2626 richtungen für den Musikunterricht, haben wir in zwei Abhandlungen in der „Süddeutschen
325 2617 1710 2659 Musikzeitung”: „Ueber Preisausschreiben für musikalische Compositionen”, Nr. 38 und 39 vom
319 2658 1718 2699 Jahre 1852, und: „Vorschläge zur Anregung für das Studium der Musiktheorie”, Nr. 23 vom
323 2693 825 2739 Jahre 1853, uns ausgesprochen. —
