1793 2941
106 108 202 179 26
107 196 1674 270 ist) aufgefaßt werden konnten und durften.” Nach einigen Zeilen steht weiter gedruckt: „Eine vorzeitige
107 262 1668 314 Kenntnißnahme vom Tiefern würde unfruchtbar bleiben, oder zu leerem phantastischem Ideenspiel ausarten.”
119 300 1674 358 — Uns wäre es erwünschter gewesen, wenn dem Verfasser der „Allg. Musikl.” der letzte Gedanken zuerst in
107 349 1674 400 den Sinn gekommen wäre und hätte ihn bestimmt, jenen Satz unausgesprochen zu lassen; es stände dann
113 396 1671 448 eine nichtssagende, schwülstige Phrase weniger in seinem von uns sonst in vielfacher Hinsicht geschätzten Buche.
207 440 1674 492 Also die „äußern” (— „äußere Aehnlichkeit der Stammtöne”, — sagt ja auch Weitzmann!) und
110 485 1668 537 die „gröbern Verwandtschaftsverhältnisse” tauchten für den modernen musikalischen Fortschritt nicht; der
107 522 1668 580 Verfasser des neuen Harmoniesystems mußte deßhalb, den „gröbern” Stoff den Zopfmännern überlassend, auf
110 573 1674 624 die Basis der „sympathetischen Beziehungen” begründet, eine andere Verwandtschafts-Gradation der Tonarten
106 613 272 672 aufstellen! —
210 663 1668 715 Nichts ist gefährlicher für den Lernenden, als leere, schwülstige, von der Phantasie dictirten Phrasen in
103 707 1674 752 den Unterrichtsbüchern, welche Phrasen den Lehrstoff verdunkeln, unerkennbar lassen und den innern Sinn des
107 748 1668 806 Schülers verwirren. Die Lehrobjecte sollen nur von dem Verstande, der Vernunft und der Urtheilskraft fest¬
103 794 1670 845 gestellt und geordnet werden; denn die ächte, die gute und wahre Kunstschule soll ja die Phantasie des Kunst¬
109 836 1670 893 jüngers zügeln. Was soll aber dieser mit einer Vorgaukelung von „sympathetischen Beziehungen”, wo es sich
105 886 1663 937 um das Erlernen und Erkennen der richtigen und unumstößlichen Tonarten-Abstände handelt,
103 930 278 982 anfangen?
212 960 1666 1028 Aus der Akustik ist bekannt, daß mit einem Grundtone, nicht nur die oben in Fig. 16 bezeichneten
102 1013 1667 1062 Beitöne, sondern noch eine Menge anderer Klänge, theils als potenzirte Octaven von bereits schon in der
106 1062 1667 1116 sechszehngliederigen Reihe aufgenommenen Tönen, theils als neue und endlich theils für unser Tonsystem
103 1107 1667 1159 unbrauchbare Klänge mitklingen. Es stehen somit jedenfalls sämmtliche Töne unsers Tonsystems zu
109 1151 1670 1200 einander in Beziehung, wie wir ja erkannt haben, daß alle Tonleitern mit einander verbunden sind und daß
104 1195 1668 1247 je zwei derselben mindestens einen Ton gemeinschaftlich haben müssen. Soll nun mit dem räthselhaften
107 1241 1671 1286 Ausspruch gesagt werden wollen, daß a- und e-moll, As- und Es-dur in „sympathetischer Beziehung” zu
109 1281 1673 1336 C-dur stehen und z. B. G- und F-dur nicht, — oder jene doch näher, weil sie terzverwandt und diese
104 1328 1668 1383 quintverwandt sind? Oder stehen die quintverwandten Tonarten deßhalb, weil sie, wenigstens der einen terz¬
103 1371 1667 1423 verwandten Tonart gegenüber, mehr gemeinschaftliche Töne mit der ursprünglichen Tonart haben und ihre
107 1418 1665 1473 Grundtöne mit zu den Erstlingen der Beitöne gehören, in „äußern, gröbern Verhältnissen”? — Wir ver¬
103 1461 1661 1519 mögen nach keiner Seite hin einen vernünftigen Sinn daraus zu ziehen, als höchstens den, daß Marx hier¬
106 1506 1057 1558 mit Bausteine zu Weitzmann's babylonischem Gebäude beigetragen.
204 1547 1662 1605 Wohl ist es für die Lehre von den Harmonieverbindungen und der Modulation von großer Wichtigkeit,
98 1595 1666 1650 die gemeinschaftlichen Töne in den Accorden aufzusuchen, und in Betreff der Verwendung derselben
105 1640 1669 1693 hat die Harmonie- und Compositionslehre auch bereits die deßfallsigen Regeln aufgestellt *). Aber man darf
98 1676 1662 1729 aus solchen Untersuchungen keine falsche Resultate ziehen und z. B. nach terzverwandten Dreiklängen die
104 1725 1665 1776 Gradation der Tonarten-Verwandtschaft bestimmen wollen. Ohnehin sind es nur einzelne besondere Fälle
106 1767 1664 1816 (die ebenfalls jede gute Harmonielehre aufzählt), welche bei Ausweichungen einen großen oder einen kleinen
112 1811 1663 1862 Dreiklang sogleich als tonische Harmonie empfinden lassen; meistentheils wird ihn erst das Erscheinen anderer
103 1855 1671 1903 Harmonieen der neuen Tonart zur Regentschaft erheben, und da sind es wiederum nicht die terzverwandten
102 1898 1663 1951 Dreiklänge, die den Ausschlag geben, sondern die gewichtigsten Stimmen dabei haben die Dominantharmonieen,
107 1926 1665 2000 namentlich jene der Oberdominante. — Leiterfremde Dreiklänge erscheinen in der Regel bei ihrem ersten
103 1987 1664 2039 Auftreten nur als Vermittler einer Ausweichung. Aber nicht allein die Dreiklänge dienen dann als
107 2032 1668 2080 Modulationsmittel, sondern bekanntlich auch noch andere Harmonieen, worunter vorzugsweise: 1) der Haupt¬
103 2072 1664 2128 vierklang der neuen Tonart, welcher vermöge seines vierten Accordbestandtheils (Septime), den Drei¬
209 2222 1664 2282 *) Und gerade die Aufstellung solcher Regeln, mehr aber noch die praktischen Durchführungen (An¬
255 2266 1665 2323 wendungen) derselben, werden mit größerer Sicherheit und Leichtigkeit erfolgen können, wenn man
255 2292 1662 2347 sich recht gründlich und vollständig mit der Verwandtschaft der Tonarten vertraut gemacht hat.
256 2321 1665 2389 Die gewonnene Einsicht in die Tonartenabstände führt dann auch noch zu weiteren sehr interessan¬
258 2364 1668 2418 ten Resultaten. So wollen wir z. B. einmal den Kunstjünger auf zwei aus den seitherigen Er¬
260 2415 957 2461 läuterungen bekannte Sätze aufmerksam machen:
362 2433 1669 2500 1) Der tonische Dreiklang mit seinen beiden Dominant-Dreiklängen vereinigen sämmtliche
412 2486 793 2535 Töne ihrer Leiter in sich;
360 2507 1673 2568 2) Jede Tonleiter enthält nach der rationellen Untersuchung der Tonarten-Verwandtschaft
405 2559 1666 2608 mit allen übrigen Tonleitern beiderlei Geschlechts mindestens einen gemeinschaft¬
409 2591 587 2636 lichen Ton.
254 2621 1257 2673 Aus diesen beiden Sätzen zieht er die unumstößliche Schlußfolgerung:
413 2650 1659 2706 Mit einem der Hauptdreiklängen einer Tonart muß einer oder der
410 2696 1658 2741 andere Hauptdreiklang sämmtlicher Dur- und Moll-Tonarten min¬
408 2722 1469 2788 destens durch einen gemeinschaftlichen Ton verbunden sein. —
