1793 2941
218 183 1675 251 Aus öffentlichen Blättern ist nun bekannt geworden, daß die Führer dieser Partei einen
121 250 1670 310 Preis auf das gelungendste Harmoniesystem aussetzten und daß dieser Preis C. F. Weitz¬
112 315 1673 365 mann zuerkannt wurde. — Dieses „Harmoniesystem” ist nun im Druck erschienen und hat
113 378 1671 429 einen vielversprechenden und sehr verlockenden Titel. Es wird eine „Erklärende Er¬
119 443 1676 493 läuterung und musikalisch-theoretische Begründung der durch die neuesten Kunst¬
115 498 1674 565 schöpfungen bewirkten Umgestaltung und Weiterbildung der Harmonik” in
113 561 1669 615 Aussicht gestellt und in der Einleitung wird sogar die Ergründung der „Gesetze” versprochen,
110 634 1671 685 nach welchen die in „neueren Tonwerken” erscheinenden, aber in „früheren theoretischen
111 681 1668 740 Werken noch nicht erklärten Zusammenklänge und Accordfolgen” zur klaren
114 752 623 812 Erkenntniß zu bringen wären. —
206 816 1674 869 Ankündigungen in solcher Weise gegeben bewirken nun freilich heutzutage beim
106 873 1657 928 Kunstverständigen ungefähr einen Eindruck, wie etwa die widerlich-gellenden Waaren-
110 929 1666 992 Anpreisungen des Verkäufers in der Krämerbude während der Meßzeit. Und wahrlich, dieses
113 1008 1673 1054 „Harmoniesystem” hätte sich wegen der Zukunftsmusik und ihres ganzen Anhanges der Mühe
109 1061 1669 1120 nicht verlohnt, nach Durchsicht desselben besondere Notiz davon zu nehmen. Dagegen liegt
113 1132 1672 1181 aber gerade in dem marktschreierischen Titel für die Kunstjünger, welche dem neuen
113 1192 1666 1245 musikalischen Schisma noch nicht verfallen sind, ein verführerisches Gift; — und sie, die
115 1245 1662 1310 Kunstjünger, müssen davor gewarnt werden. Deßhalb wurde es für nöthig erachtet, die
107 1316 1667 1365 „Kritische Beleuchtung” ausführlich abzufassen, viele Satzungen aus dem reichen Schatze
109 1370 1664 1422 unserer in Ehren zu haltenden Musiktheorie, theils inhaltlich, theils wörtlich, vorzuführen,
102 1428 1670 1485 um zu zeigen, wie ungleich gründlicher, kunstvernünftiger und lehrreicher dieselbe ist, gegen¬
108 1488 1667 1547 über diesem oberflächlich, unklar, widersprechend und destructiv gehaltenen sogenannten
116 1552 416 1621 „Harmoniesystem”.
210 1616 1664 1675 Die Kunstjünger sollen ferner durch diese Beleuchtung angeregt werden zum fleißigen
107 1683 1666 1733 und ernsten Studium der Musiktheorie, welche, obgleich wie jedes Menschenwerk nicht in
98 1745 1668 1797 höchster Vollendung stehend — was an mehreren Stellen dieser Beleuchtung unverhohlen
110 1804 1667 1860 ausgesprochen ist — so doch sicher zur näheren Kenntniß des Gesetzmäßigen ihrer Kunst
103 1858 1671 1924 führt, beim kunstbereiten Schaffen ihnen wie ein treuer, ermunternder und auch wiederum
106 1927 1668 1980 warnender Rathgeber erscheinen wird, und sie gegen die Irrlehren falscher Propheten schützt.
204 1978 1670 2036 Der „Kritischen Beleuchtung” ist am Schlusse auch noch von uns eine Beurtheilung
102 2041 1663 2100 des, auf das „Harmoniesystem” Weitzmann's beziehlichen Schriftchens: „Die neue
107 2106 1646 2164 Harmonielehre im Streit mit der alten” von demselben Verfasser als „Nachtrag”
106 2169 277 2228 beigefügt. —
204 2245 876 2292 Frankfurt a. M., im Herbst 1862.
1215 2384 1579 2467 F. J. Kunkel.
203 2657 1670 2709 NB. Es wird gebeten, vor dem Lesen dieser Schrift die auf Seite 60 angegebenen Satzfehler zu
106 2705 260 2756 verbessern. —
