1793 2941
106 104 172 164 16
104 212 1659 260 und Bildung der Intervalle und Dreiklänge, wie über Accorde überhaupt, gar keine Erklärung. Wenn
102 258 1657 301 nun der Harmonieschüler nach solchem mangelhaft abgefaßten Lehrsystem z. B. Cis-Dreiklänge bringt, wie
99 306 532 348 bei i, k, l und m, Fig. 13.:
102 595 1659 645 die er der Reihe nach gleich hält einem großen, ii, kleinen, kk, verminderten, ll, und übermäßigen,
103 643 1661 685 mm, Dreiklang, so darf man sich darüber nicht verwundern, und zwar nicht allein in Folge der etwaigen
102 681 1655 730 Realisirung unseres oben durch des Verfassers Erklärungsweise veranlaßten Vorschlags einer Universaltonleiter
111 724 1650 778 für die breiteste harmonische Grundlage, sondern vielmehr, wie bereits schon angedeutet, weil in dem „Har¬
104 774 1654 820 moniesystem” nicht angegeben wird, wie Dreiklänge entstehen, dieselben gebildet werden. Es werden zwar
101 823 1652 866 gelegentlich einzelne Intervalle und Dreiklänge, namentlich jene der C-Durtonart benannt, auch mit Buch¬
112 860 1658 908 staben bezeichnet und in Noten dargestellt, die Generalbaßsignaturen benutzt 2c., aber nirgends findet man die
101 905 1650 949 Angabe eines Princips oder einer Bildungsmaxime zur Gestaltung der Tonverhältnisse und Harmonieen, dieser
102 954 1654 996 naturgemäßen Sprößlinge der aus den Tonartensystemen entwickelten Leitern, was in einem Harmoniesystem
108 1002 1661 1042 weniger vermißt werden kann, als z. B. die Herbeiziehung von Regeln über den Gebrauch des übermäßigen
103 1034 1655 1082 Secundenschrittes an ungeeigneter Stelle, welche Regeln mehr in die Abhandlung von der Stimm¬
109 1080 1649 1130 führung zu verweisen sind. Der Verfasser zeigt also auch hier, wie oben bei der Darstellung des Ton¬
105 1130 1651 1179 systems und der Temperatur Mangel an Gründlichkeit, durchdachtem Plan und logischer Ordnungsfolge,
114 1177 1662 1219 so daß im Vergleich mit älteren, besseren Werken sein Harmoniesystem mit den leichtfertig entworfenen
107 1218 1655 1269 theoretischen Abhandlungen in sogenannten „Schulen” (Methoden) zur Erlernung des Spiels irgend eines
103 1256 869 1310 musikalischen Instrumentes auf gleichem Niveau steht.
204 1330 1653 1376 So fährt nun Weitzmann unter der Abhandlung: „Dreiklangs-Folgen” weiter fort, auf mehr als 4
111 1371 1657 1418 Seiten die bekannten, auf Gemeinschaftlichkeit gleicher Töne gestützten Regeln und eine Menge Beispiele von
106 1416 1661 1467 Harmonieenschritten leitereigener Dreiklänge, aber dem Anscheine nach wie etwas Neues, zu bringen. Dabei
109 1464 1656 1508 wird dann von Grundlage, Sexten- und Quartsextenaccorden gesprochen, die Abstammung der letzteren jedoch,
103 1504 1656 1555 ebenfalls nicht erklärt; man muß daher das Erkennen dieser Accordformen, so weit es eben reicht, aus den
109 1547 1653 1603 gegebenen Notenbeispielen sich abstrahiren, oder wie schon vorher manches Andere, aus älteren Lehrbüchern sich
108 1597 1660 1644 aneignen, während der Verfasser sich auch hierbei mit manchem Minderwichtigen befaßt und breit macht, was
100 1644 1656 1692 viel eher selbstverständlich gewesen wäre; z. B.: „Zwei aufeinander folgende Dreiklänge haben entweder alle
106 1683 1655 1728 drei, zwei, einen oder keinen Ton miteinander gemeinschaftlich” — und dann wieder: „Alle diejenigen Drei¬
106 1723 1652 1771 klänge, deren Grundbässe im Verhältnisse einer Secunde zu einander stehen, sind, da sie keinen Ton mit¬
102 1769 1660 1815 einander gemeinschaftlich haben, unverbunden.” — Ferner stehen sämmtliche 17 Notenbeispiele in C-dur,
104 1810 1654 1859 und der Lernende erfährt daher nicht, ob solche Accordverbindungen auch in den Molltonarten — des Ver¬
114 1853 1664 1902 fassers „weichere Durtonart” nicht zu gedenken — stattfinden dürfen. Käme jedoch ein Schüler von selbst
113 1897 1668 1942 darauf, die gegebenen Beispiele in Dur nach Moll zu übertragen, so blieb er aber nicht selten rathlos, da
110 1938 1151 1994 theilweise eine analoge Verwendung der Accorde Abänderungen erheischen.
219 2007 1672 2060 Beziehlich des nachstehenden Beispiels, des sechsten unter den „Dreiklangs-Folgen”, sagt der
104 2058 260 2108 Verfasser:
364 2546 1656 2588 nach einer oder der anderen der oben bei a oder b angedeuteten Weiterführungen benutzt werden kann,
370 2584 1666 2615 wird kein Kunstverständiger leugnen wollen. Aber diese Weiterführungen sind keine leitereigene
365 2605 1664 2639 Auflösungen einer Grundseptime. Wir müssen gestehen, daß uns diese Stelle in dem sonst so
372 2636 1668 2676 viel Wahres enthaltenen Buche unangenehm berührte, mehr aber noch, daß man die „Nothwendigkeit” einer
374 2661 1005 2702 kunstvernünftigeren Erklärung nicht einsehen will. —
