1793 2941
1635 89 1705 149 37
157 191 1713 251 in welche sich der Verfasser dadurch versetzt, daß er für den Gebrauch des übermäßigen Dreiklangs, der seinem
154 241 1715 287 Wesen nach vom verminderten Septimenaccord himmelweit verschieden ist, die entsprechenden Regeln aufstellt
156 289 1715 339 und dann wieder verwirft, ganz und gar ab, und gehen wir auch auf eine nähere Untersuchung nicht ein,
154 329 1711 380 ob jene Regeln kunstwissenschaftlich begründet werden können, oder ob sie ihre Existenz nur der Empirie ver¬
155 376 1708 428 danken, da schon ältere Tonsetzer wohl freiauftretende verminderte Septimenaccorde in chromatischer Folge
164 426 1709 475 (wie z. B. Gluck in seinen Opern) und als Anfänge von Tonstücken (Ouverture zur „Stumme” 2c.) brach¬
164 467 1717 515 ten, jedoch aber keine übermäßigen Dreiklänge in gleicher Freiheit, — so können wir unsere Meinung nicht
157 516 1715 556 unausgesprochen lassen, daß Demjenigem, welcher in den Folgen von übermäßigen Dreiklängen, wie z. B.
159 554 1711 611 in Fig. 47 aufgestellt, dem verminderten Septimenaccorde gegenüber, nur eine potenzirte „Bitterkeit” findet,
157 603 731 649 der Tonsinn im hohen Grade mangelt. —
266 657 1709 701 Die Dissonanz sei die „Verzögerung” der Consonanz, hat uns der Verfasser bereits gesagt, wie
162 699 1713 747 wir in Abtheilung VI mitgetheilt. Nun erklärt er aber weiter: „Es kann auf diese Weise eine Folge von
154 747 1697 803 dissonirenden Accorden gehört werden, deren einer stets die regelmäßige Verzögerung des folgenden bildet....”
204 794 1717 840 — Hiernach kann man, und gewiß „mit Recht” auch sagen: Die Dissonanz ist die Verzögerung
158 835 1291 875 der Dissonanz! Wohin sollen aber solche vertracte Explicationen führen?! —
263 889 1715 932 Nach den bitteren Dreiklangsfolgen werden im Harmoniesystem einige Beispiele von Retardationen mit
152 928 1715 976 den nöthigen Erläuterungen gebracht, wodurch dann endlich auch die bisher vom Verfasser noch nicht vorgeführ¬
158 977 1717 1021 ten leitereigenen Septimenaccorde der übrigen Tonstufen, jedoch nur in der Durtonleiter gelegentlich zum
159 1024 1724 1069 Vorschein kommen. Sie stehen in kunstgerechter Form, aber sie erscheinen nach den „Bittern” wie Oasen in
158 1067 1725 1109 musikalischen Steppen; denn leider kommt man von denselben wieder direct in die Wüstenei: „Bei einer Folge
155 1106 1721 1156 von Dominantseptimenaccorden muß der eine ebenso jederzeit als regelmäßige Verzögerung [!] des
159 1153 1718 1204 andern erscheinen; die unten stehenden Beispiele erfüllen diese Bedingung [sic!], und werden deshalb auch
159 1194 1714 1243 in der romantischen Tonkunst, ähnlichen Folgen verminderter Septimenaccorde gleich, ihre
164 1241 1694 1291 Rechtfertigung finden können.” — Also immer wieder diese „regelmäßigen Verzögerungen”! *) —
163 1277 1710 1333 Von den vier Notenbeispielen, welche diesem modernen Reglement für den Gebrauch der Folgen von Domi¬
158 1331 1719 1377 nantseptimenaccorden als Muster aufgestellt werden, lassen wir eines derselben, Nummer 2 (Secund-Quart-
162 1377 630 1422 Sext-Accord) in Fig. 50 folgen:
270 1648 1724 1693 Es versteht sich wohl von selbst, daß von diesen acht Accorden die dem letzten Accorde vorstehenden
160 1689 1723 1739 sieben je „regelmäßige Verzögerungen” sind! — Ueber den piquanten Hautgout der Accordfolgen selbst,
159 1738 1714 1780 die jeder Interessirende sich auf einem recht reingestimmten Klavier vorspielen mag **), haben wir wohl nichts
159 1781 1723 1829 weiter hinzuzufügen, als daß diese Accordfolgen mit den „Bittern”, dem freien, das heißt zügellosen
168 1826 1719 1869 Auftreten der „schärfsten Dissonanz” 2c., außerhalb des Musikalisch-Schönen und des Musikalisch-
165 1866 1718 1917 Gesetzlichen stehen. Zu solchem Aberwitz braucht man wahrlich keine Musiktheorie, weder in technischer,
164 1913 630 1965 noch in ästhetischer Beziehung. —
261 1952 1725 1998 Was hierauf von der Führung einzelner Bestandtheile des noch einmal vorgebrachten verminderten
165 1994 1729 2043 Septimenaccordes zum Zwecke der Bildung anderer Accorde und resp. der Modulation gesagt und in
159 2042 1664 2085 Notenbeispielen mitgetheilt wird, ist Allbekanntes, wie auch das über den „Orgelpunkt” Vorgebrachte. —
274 2240 1721 2284 *) Nach des Verfassers Denkgesetzen ist wohl jedes Ding, welches in der Zeit oder in dem Raume
321 2283 1725 2332 einem andern Dinge vorausgeht oder vorsteht, eine „regelmäßige Verzögerung”? Also jeder vor¬
313 2314 1717 2357 kommende erste Ton, Accord, Tact 2c. 2c. ist die Verzögerung des unmittelbar folgenden zweiten
321 2355 1721 2403 Tones, Accordes, Tactes 2c. 2c.! Ein Spaziergänger kann demnach wohl auch die Verzögerung
320 2386 1724 2427 eines ihm nachfolgenden Spaziergängers werden! Die Vorderräder eines Wagens sind die Ver¬
315 2424 1725 2471 zögerungen der Hinterräder und ein Schnellzug auf der Eisenbahn, welcher etwa um 10 Uhr
318 2463 1722 2500 irgendwo abgeht, ist die „regelmäßige Verzögerung” eines solchen, der etwa um 11 oder
324 2491 1106 2532 12 Uhr von derselben Stelle sich in Bewegung setzt!! —
258 2535 1720 2572 **) Auch die Tonreihen der beiden äußeren Stimmen kann man bei dieser Gelegenheit einmal zusam¬
317 2572 1721 2613 men (ohne die Mittelstimmen) spielen, um durch den Eindruck der Secundenparallelen (hier Nonen¬
319 2609 1723 2653 parallelen) einen noch extra interessanten Genuß sich nicht zu versagen, — ein Genuß, den man
316 2647 1719 2692 nicht einmal erhalten kann, wenn man übermäßige Quinten- oder verminderte Septimenfolgen in
326 2678 1722 2723 ihrer Nacktheit sich chromatisch vorspielt, da diese Intervalle enharmonisch den kleinen und
318 2715 913 2765 resp. großen Sexten gleich klingen! —
