1793 2941
695 529 1099 666 Nachtrag
742 739 1035 797 zu der vorstehenden
344 849 1391 958 „Kritischen Beleuchtung”
852 1029 919 1076 des
474 1154 1296 1221 C. F. Weitzmann'schen Harmoniesystems.
215 1442 1663 1485 Die vorstehende „Kritische Beleuchtung”, von welcher die Revision und Abschrift wegen mancherlei
112 1482 1667 1539 Hindernisse, insbesondere wegen lang andauernden Unwohlseins verschoben werden mußte, war bereits für den
109 1526 1662 1573 Druck fertig, als uns etwas verspätet die Broschüre: „Die neue Harmonielehre im Streit mit der alten” von
110 1572 1664 1629 C. F. Weitzmann zu Handen gekommen, deren Durchsicht wir aus Mangel an Zeit uns nicht sogleich
111 1611 391 1669 unterziehen konnten.
210 1673 1663 1715 Gleichwie das musikalische Publicum durch den vielversprechenden Titel des Weitzmann'schen Harmonie¬
106 1715 1659 1765 systems irre geleitet wurde, indem es beziehlich der „musikalisch-theoretischen Begründung der durch die neuesten
112 1759 1667 1810 Kunstschöpfungen bewirkten Umgestaltung und Weiterbildung der Harmonik” größere Resultate zu erwarten
107 1804 1656 1852 berechtigt war, als ihm in dem dürftigen und destructiven Machwerke dargeboten wurde, — eben so wird
105 1846 1662 1892 dieses Publicum, wenn es sich durch den Titel: „Die neue Harmonielehre im Streit mit der alten” etwa
110 1889 1661 1933 die Meinung aufdringen läßt, es würden hier die wichtigsten Thesen aufgestellt, wodurch die Unterschiede
109 1937 1658 1986 zwischen der neuen, resp. neuesten und der alten Harmonielehre klar und deutlich zu erkennen wären, auch
110 1981 1661 2028 vorzugsweise die Satzungen der neuesten Lehre mit allen Waffen der Wissenschaft gründlich vertheidigt, bitter
109 2019 1665 2066 enttäuscht werden. Die 1¾ Bogen starke Novität à 6 Neugroschen enthält in der Hauptsache eigentlich nur
111 2066 1658 2108 Entgegnungen auf eine Beurtheilung des Weitzmann'schen Harmoniesystems in Nr. 30 und 31 der Wiener
109 2108 1658 2157 „D. Mztg.” vom Jahre 1860; — sie ist also eine Antikritik, welche zu erheben Weitzmann füglicher einer
115 2158 1656 2204 gewandteren Feder seiner Partei hätte überlassen sollen, weil vielleicht durch eine stärker hervorgetretene
106 2201 1662 2244 dialektische Klopffechterei noch einiges Interesse zur Unterhaltung hätte erregt werden können, so aber
106 2243 1666 2290 präsentirt er sich noch einmal dem Publicum in seiner musikalisch-theoretischen Blöße, wie nicht minder in
111 2289 1270 2332 seiner schon aus der „Kritischen Beleuchtung” bekannten absonderlichen Denkweise. —
205 2346 1659 2396 Bereits wurde das Schriftchen in Nr. 20 der Wiener „D.-Mztg.” vorigen Jahres einer Beurtheilung
107 2387 1653 2436 unterzogen; auch ist demselben als Antikritik in Nr. 23 und 24 derselben Zeitung die gebührende Replik zu
106 2433 1660 2484 Theil geworden. Wir unsererseits nehmen von dem Schriftstück in so fern Notiz, als durch Vorführung
106 2481 1661 2532 mehrerer Stellen aus demselben und durch die von uns angeschlossenen Bemerkungen unsere Urtheile in der
104 2521 1057 2566 „Kritischen Beleuchtung” nur noch mehr gerechtfertigt erscheinen. —
