1793 2941
1627 94 1706 149 41
147 201 1708 243 der Tonwerke gehabt! — Sonderbar aber, daß bei Anhörung dieser Tonwerke bis jetzt noch nicht allgemein
149 245 1697 292 in den Zuhörern ein gründlicher Abschen gegen solchen Modulations-Pauperismus erregt werden konnte!! —
254 290 1659 341 Am Schlusse dieser Abhandlung wird nun die Auswahl der „schärfsten modulatorischen Gegensätze” —
145 341 1707 380 obgleich sie in der neueren Tonkunst „absichtlich” und „oft” erscheinen — wieder be¬
153 379 1714 435 schränkt, was bei den bisher verfolgten Principien und der eigenthümlichen Consequenz des Verfassers nicht
152 434 1700 476 mehr überraschen kann: „Der feinfühlende Künstler wird — selbst der Wahrheit und Bestimmtheit des
150 472 1704 525 Ausdrucks zu Liebe — niemals die Anmuth und Schönheit zum Opfer bringen, aber nicht der einseitig
152 512 1700 557 befangene Kritiker, sondern eben nur der Geweihte, dessen Brust von dem göttlichen Funken der Kunst er¬
147 561 1698 609 glüht, ist dazu berufen, die Grenzen des Schönen zu bestimmen.” — Und das konnte nun dieselbe Feder nieder¬
160 605 1704 652 schreiben, welche kurz vorher die oft ausgewählten „schärfsten modulatorischen Gegensätze” gerühmt, — uns
158 648 1706 700 so interessante Beispiele geliefert, „um den Schlußaccord durch die Spannung, welche der ihm vorangehende
155 689 1709 740 zuckende Strahl erregte, desto befriedigender wirken zu lassen,” — chromatische Folgen von Dominant-
157 738 1711 783 Septimenaccorden und übermäßigen Dreiklängen aufstellte, — die „schärfste Dissonanz” frei auftreten läßt
154 781 1148 831 und „ohne Bedenken” das Quintenparallelen=Verbot aufgehoben!?! — — —
858 1033 993 1109 XII.
255 1138 1712 1181 Wir hatten bei unserer Betrachtung öfter auf die grundlosen, mitunter lächerlichen Acquisitionen hin¬
150 1178 1709 1235 gedeutet, welche Weitzmann der „neueren Tonkunst” einräumte, — was wir derselben freilich theilweise, wie
149 1233 1714 1276 z. B. die am Schlusse der unmittelbar vorstehenden Abtheilung XI resumirten tonischen Ausdrucksmittel für
153 1273 1707 1316 ihre „sein fühlende Künstler” durchaus nicht streitig machen wollen. In seinem letzten Kapitel aber kommt
155 1316 1711 1373 der Verfasser hiermit zum Cultimationspunkt; indem er die Kluft zwischen alter, d. h. echter und wahrer
150 1361 1518 1407 Tonkunst einerseits und Zukunftsmusik andererseits durch die gewählte Ueberschrift scharf trennt:
534 1402 1324 1453 „Die heutige Chromatik und Enharmonik.”
253 1461 1713 1499 „Die neuere Tonkunst faßt die chromatischen und enharmonischen Töne anders auf als die ältere.
152 1490 1716 1539 Diese betrachtet jeden chromatischen Ton als Bestandtheil einer Harmonie derjenigen Tonart, in welcher er
152 1538 1707 1583 eben keinen chromatischen, sondern einen Stammton bildet; *) jene aber nimmt die chromatischen Töne
160 1581 1714 1638 so lange als Nebentöne einer bestimmten Tonart, bis dieselben durch eine Ausweichung sich zu
154 1626 1715 1668 Stammtönen einer von dieser verschiedenen Tonart erheben. Die ältere Tonkunst sieht ferner in zwei en¬
150 1665 915 1717 harmonischen Tönen, wie z. B. hier in fis und ges:
155 1897 1715 1949 welche sie nur in ihrer akustisch reinen Bedeutung gelten läßt, etwas durchaus Verschiedenes und niemals
159 1937 1716 1989 Zusammentreffendes; die neuere hingegen erkennt in denselben nur zwei unter verschiedenen Namen auf¬
154 1986 1711 2028 tretende aber gleichklingende Töne des gleichschwebend temperirten Systems. So sieht die letztere in
161 2030 1709 2076 dem bei 1 folgenden Beispiele nur das mit chromatischen Nebentönen verzierte Beispiel bei 2, während die
162 2074 1714 2121 ältere Tonkunst jedem der hier zu dem C-dur-Dreiklange auftretenden chromatischen Durchgangstöne fis, cis,
154 2119 1072 2164 gis, dis und ais eine harmonische Bedeutung zu geben versucht.”
269 2639 1717 2687 *) Wir erinnern, daß der Verfasser unter „Stammtöne” die leitereigenen und unter „chroma¬
311 2678 1712 2715 tischen”, die leiterfremden Töne versteht. Siehe oben, Seite 14, den Schluß unserer Ab¬
321 2713 503 2764 theilung III.
