1793 2941
117 86 194 149 58
128 185 1679 243 Lösung der dissonirenden Nebentöne) bewirkte unangenehme Eindruck auf den äußern und innern Sinn des
126 240 1679 284 Menschen eben so wenig vergütet werden können, als die Härte des Mozart'schen Querstandes durch die
132 284 1670 340 Harmonieenzerlegungen erträglicher geworden. Es ist daher höchst sonderbar, derartige, mit der Kunsttheorie
122 330 1669 380 collidirenden Abnormitäten — mögen sie auch ihrem Wesen nach, und in Anbetracht, daß dieselben in lang
130 378 1679 420 ausgedehnten Tonwerken der Kunstmeister nur sehr spärlich vorkommen, nicht gerade von außerordentlicher
131 409 1676 460 Erheblichkeit sein — entschuldigen oder gar theoretisch rechtfertigen zu wollen *). Was würde man z. B. dazu
132 459 1669 504 sagen (um noch einmal die Plastik mit der Musik in Vergleichung zu bringen), wenn an einem sonst meister¬
129 504 1678 556 haft gelungenen Apollo aus Marmor ein Finger der einen Hand, oder auch nur ein Glied an demselben
121 550 1672 597 unverhältnißmäßig dicker oder länger gestaltet wäre, oder wenn man statt der Mittelzehe an einem Fuße des
126 592 820 637 Sonnengottes eine Habichtsklaue eingesetzt hätte? —
227 639 1679 690 Soll beim Anhören oder Beschauen eines Kunstwerkes eine ungestörte seelische und geistige Erhebung
121 681 1672 722 bezweckt werden wollen, so wird hierfür vor Allem ein möglichst vollkommenes, makelloses Sinnlich-
126 724 1677 772 Schönes vorausgesetzt werden müssen. Und das Streben nach solcher Vollkommenheit in den Künstlern zu
125 770 1675 818 erregen und zu erhalten, gehört mit zur Aufgabe der Kunsttheorie, welche letztere, wie oben erörtert, auf
128 810 1668 862 Naturgesetzliches basirt sein muß, soll sie von Halt und Dauer sein. Wollte man aber absolut die Abnor¬
121 850 1676 908 mitäten aus den Kunstwerken zusammenlesen und darauf seine Kunsttheorie bauen, so würde es dann auch
126 899 1667 947 nicht lange währen, den Apollo oder die Venus, nicht nur mit Knollfingern, Klumpfüßen, Höckern 2c.
122 936 1669 988 ausgeschmückt, sondern in weiterer Verfolgung solcher Lehr-Principien auch theilweise die Köpfe, Rümpfe und
123 986 1672 1036 Glieder dieser Statuen mit den verschiedenen Körpertheilen von allen möglichen Thiergattungen und Arten
125 1034 1675 1084 geziert zu sehen. Aehnlich solchen Bildern für das Auge, würde dann die nach der Abnormitäts-Theorie
130 1075 1671 1118 componirte Musik dem Ohr erscheinen, welche Musik wir für unsern Theil nur als permanente Zukunfts¬
125 1122 1672 1172 musik wünschen müssen, d. h. als eine Musik, die für alle ewige Zeiten immer nur für die Zukunft zu Gehör
123 1161 719 1211 gebracht in Aussicht gestellt bleiben möge. —
232 1208 1675 1258 Jeder wahre Künstler und Kunstkenner, welcher die großen, zahlreich hinterlassenen Meisterwerke hoch¬
125 1250 1672 1298 schätzt und der unsterblichen Schöpfer derselben in aufrichtiger Liebe und Verehrung gedenkt, kann das Vor¬
120 1298 1669 1341 kommen der Kunstabnormitäten — und wären es auch nur wenige und kleine Regelwidrigkeiten — nur be¬
121 1338 1669 1381 dauern, weil sie einmal diese Meisterwerke nicht verschönern, sondern im Gegentheile ihren Kunstwerth immer
128 1379 1675 1427 etwas beeinträchtigen, dann aber auch, weil diese Abnormitäten den Kunst-Antichristen, zum Nachtheile der
123 1426 1676 1472 wahren Kunst und ihrer Jünger, Veranlassung geben, ihre Kunstverirrungen darauf stützen zu wollen. Und
119 1466 1677 1514 Weitzmann stellt sich dadurch gewiß nicht in ein günstiges Licht, wenn er unmittelbar nach seiner vermeint¬
121 1513 1679 1557 lichen „theoretischen Erklärung” der drei Musikbeispiele, Fig. I, II und V — die durchaus nicht allgemein
120 1559 1669 1612 als schöne Tonverbindungen anerkannt sind — sagt: „Mein Harmoniesystem verdankt überhaupt seine Ent¬
130 1601 1677 1646 stehung [?] nur der Ueberzeugung, daß geweihte Künstler, wie Mozart, Beethoven, Schumann
122 1647 1667 1692 [!], Liszt [?] und Wagner [?], nicht unlogisch schreiben können 2c.” — Im Wortsinne genommen, ver¬
120 1690 1673 1733 dankt das „Harmoniesystem” seine „Entstehung” der Nachweisung, daß auch Preisrichter sich um den
118 1729 1667 1779 Preis bewerben dürfen. — Wenn Weitzmann im Ernste Liszt und Wagner auf gleiche Linie zu Mozart und
117 1771 1668 1821 Beethoven stellen will, wohin nach unserer Ueberzeugung auch Schumann nicht gehört (obgleich dieser
125 1818 1674 1861 Componist auf einer viel höheren Stufe steht, als Liszt und Wagner), so wäre ein solches Vermessen
117 1859 1672 1902 eine Absurdität, gegen welche, weil als eine förmliche Ungereimtheit von allen kunstverständigen Mu¬
130 1904 1678 1950 sikern erkannt, einen Protest zur Ehrenrettung deutscher Kunst einzulegen wohl überflüssig erscheint. — Ob
118 1951 1679 1999 und wann „geweihte Künstler” und, setzen wir hinzu, auch berühmte Gelehrte logisch oder „unlogisch
129 1989 1678 2036 schreiben”, müßte aus den einzelnen Stellen ihrer Werke kritisch aufgesucht und nachgewiesen werden. Die
124 2035 1677 2082 Logik ist jedoch bei Beurtheilung der Kunstwerke nicht der alleinige Maßstab; die Kunstwerke müssen auch
116 2082 1677 2124 noch, wie schon bemerkt, mit den, eine makellose Form bedingenden, Gesetzen der Schönheit im Einklange
124 2120 1673 2172 stehen, — und es ist bekannt, daß man in dieser Beziehung selbst die beiden Dichterfürsten, Goethe und
126 2166 1675 2221 Schiller, nicht verschonte, denen die Sprachgelehrten Verstöße gegen die richtigen Sprachformen nachge¬
217 2319 1671 2364 *) Lobe, welcher nach seiner Curiositäten-Sammlung von Harmonieen und Harmoniefolgen in dem
272 2361 1663 2402 „Anhang” seiner „Kompositionslehre” theilweise auch auf Beethoven sich beruft, bringt ebenfalls
271 2400 1662 2442 das Beispiel Fig. V dem er die hier nachstehenden Worte voraus schickt: „Folgende Stelle in der¬
280 2431 1665 2476 selben Symphonie [Eroica] hat man im Anfange gar nur für einen Stichfehler erklären und
282 2467 1675 2508 ändern wollen, und selbst tüchtige Meister der damaligen Zeit haben den Kopf gar gewaltig darüber
276 2503 1665 2545 geschüttelt.” — Eine „theoretische Erklärung” ist nun freilich Vorstehendes nicht; dagegen ist die
282 2537 1665 2578 Bemerkung, daß selbst „tüchtige Meister” den Kopf „geschüttelt” von großer Bedeutung. Und
279 2554 1665 2611 nicht nur zur „damaligen Zeit” gab es „tüchtige Meister”, sondern auch in der gegen¬
279 2608 1668 2652 wärtigen leben noch Kunstkenner von anerkanntem Rufe, welche zu den begeistertsten Verehrern
276 2643 1669 2700 dieses Tonmeisters gehören, aber dennoch diese Beethoven'sche Stelle, gleichsam als einen Pendant zu
274 2678 1169 2720 Oulibicheff's „Chimäre”, mit „Marotte” bezeichnen. —
