1793 2941
1626 92 1718 152 43
142 189 1715 249 durch diese unbegründete Behauptung mit sich selbst wieder in Widerspruch geräth, indem er, wie oben, Seite 9 u.
146 244 1718 295 10, am Schlusse der Abth. I mitgetheilt, schon Bach, Haydn, Mozart und Beethoven der Temperatur
149 293 1715 343 sich bedient zu haben einräumt, die gleichschwebende Temperatur aber gerade die Möglichkeit, enharmonische
140 335 1715 389 Töne in ihrer „akustisch reinen Bedeutung” zu bringen, aufhebt, so beweisen auch eine Menge älterer Ton¬
143 380 1722 430 werke, namentlich Instrumentalstücke von bewährten Meistern, das Gegentheil, da in denselben zu Gunsten
139 426 1715 480 der Führung oder des bequemeren Notenlesens einzelner Stimmen, am häufigsten bei Ausweichungen, die
143 472 1706 519 Octave oder der Einklang, gegen andere Stimmen, in enharmonischen Gestaltungen (— nämlich die Octave
141 518 1717 591 als eine übermäßige Septime $$GRAPHIC oder als eine verminderte None $$GRAPHIC der Einklang als
140 611 1716 681 eine verminderte Secunde $$GRAPHIC — *) notirt werden. So schrieb z. B. Hummel an einer Stelle
147 696 1713 765 seines Klavier-Quintetts in Es-moll, Allegro, in der Violinstimme ges}}, während Violoncello, Contrebaß und
140 759 1029 829 Piano-Forte fis} und fis, resp. Fis, fis, fis und fis}} haben:
244 1790 1709 1853 Den Ton as}} in der Violinstimme und im vorliegenden Falle direct nach fis}} zu führen, ergäbe wegen
141 1848 1710 1895 des verminderten Terzenschrittes für das musikalische Auge, wenn man so sagen darf, — einen
142 1893 1714 1943 unkünstlerischen Stimmengang. — Auch C. M. v. Weber wendet in der Musik zur Wolfsschlucht-Scene,
138 1934 1707 1985 als Kaspar nach dem Gießen der zweiten Kugel „Zwei” ruft, dem natürlichen Stimmenflusse zu Liebe
144 1977 1716 2031 die enharmonische Schreibweise an und läßt die Octave eines Accordtones als verminderte None
136 2021 314 2078 erscheinen:
243 2300 1705 2363 Man sehe auch in Schillings „Encyclopädie 2c.”, Band 2, Artikel: „Enharmonischer Tonwechsel”,
140 2329 1709 2408 wo unter Anderem Seite 608 zu lesen ist: „Bei Spohr finden sich aus Rücksicht auf die Bequemlichkeit der
251 2496 1712 2557 *) Wir wollen hier nicht unerwähnt lassen, daß manche ältere Tonlehrer, welche die Intervalle
296 2532 1707 2598 analytisch, d. h. durch Zerlegung der Grundharmonieen, ihrer Umkehrungen und Umgestaltungen
294 2570 1705 2630 aufsuchen, bestimmen und benennen, Tonverhältnisse der oben bezeichneten Art (verminderte Secunde)
294 2614 1705 2665 nicht als Intervalle anerkennen. Portmann in seinen oben berührten „Entdeckungen” 2c., Seite 6,
293 2639 1707 2690 klassificirt jedoch schon die Intervalle in harmonische und melodische, — wie denn im Ver¬
294 2678 1706 2745 lauf dieses Werks auch solche melodische Intervalle vorkommen, die nie harmonisch auftreten
295 2711 422 2764 können. —
