1793 2941
111 108 151 154 8
110 205 1672 260 und gebräuchlichen Töne der chromatischen Reihe — wenn auch nicht gerade fünf und dreißig Noten¬
110 262 1674 308 namen — aufgezählt und nach enharmonischer Zusammengehörigkeit auf die innerhalb einer Octave gelegenen
112 303 1666 350 und bekannten 12 Töne von wesentlichem Tonunterschiede reducirt *). Man hat demnach keinen von den seither
110 346 1668 389 benützten Tönen beseitigt, und es ist auch die Einführung eines wesentlich neuen Tones, wie z. B. seiner Zeit
110 386 1670 434 Kirnberger für das Verhältniß 6:7 sein i in Vorschlag brachte, nicht zu befürchten, daher dann auch die
105 434 1668 484 Lösung der „ersten Aufgabe” des Verfassers für sein „Harmoniesystem” sich lediglich auf Beibehaltung
113 476 662 524 von Allbekanntem beschränkt.
213 529 1668 572 Die Darstellungsweise des Verfassers anlangend, so ist dieselbe eine äußerst oberflächliche, indem aus
118 577 1670 626 ihr von einer naturgemäßen Entwickelung des „Tonsystems” eben so wenig eine deutliche Anschauung, als
116 619 1670 669 von der Feststellung einer „gleichschwebenden Temperatur” ein richtiger Begriff gewonnen werden kann.
116 666 1675 707 Statt seiner, der wissenschaftlichen Begründung mangelnden, aber circa $$MATH Seite füllenden Erklärung hätte
109 711 1666 755 der Verfasser die Entstehung des Tonsystems nach älteren Lehrbüchern etwa in folgender Weise zur Veran¬
113 755 520 805 schaulichung bringen können:
214 801 1673 853 Theilt man eine Linie (die hier eine gespannte und in Vibration gebrachte Saite vorstellen soll) in 2
106 849 1028 901 gleiche Hälften, z. B. Figur 1, i — k in i — l und l — k,
117 996 1667 1053 so erhalten wir in jeder dieser Hälften die Octave von dem Tone, den die ganze Saitenlänge, i — k,
109 1043 1677 1085 erklingen läßt — und den man in gewisser Beziehung Grundton nennen könnte — wie man sich hiervon, nicht
109 1091 1664 1139 allein mit dem Auge, sondern auch mit dem Ohre (in Ermangelung eines Monochords) an einer auf eine
109 1129 1674 1178 Guitarre oder Violine gespannten und in Vibration gesetzten Saite überzeugen kann. Bei weiteren Theilungen
109 1177 1673 1221 der Hälften in je zwei gleiche Theile, z. B. l — k in l — m und m — k, der Viertel m — k in
110 1220 1669 1268 m — n und n — k, der Achtel n — k in n — o und o — k 2c. 2c., sowie auch durch Verdoppelung,
115 1266 1667 1308 Vervierfachung 2c. der Linie i — k kommt man aus den Octaven, den quasi Gleichklängen, nicht heraus.
122 1308 1672 1360 Erst die Theilung in drei gleiche Theile, z. B. Fig. 2, Linie i — k, oder auch jeder einzelne Theil, i — l,
107 1355 778 1404 l — m und m — k, läßt Neues entstehen:
109 1528 1671 1573 indem zwei Theile, i — m oder l — k, oder auch jeder einzelne Theil, i — l, l — m, m — k,
110 1574 1668 1628 von einer gespannten Saite Quinten vom Grundtone der ganzen Saitenlänge erklingen lassen. Gäbe
111 1618 1674 1668 zum Beispiel die Saitenlänge i — k in Fig. 2 den Ton c} so würde man von $$MATH derselben, i — m
110 1665 1673 1716 oder l — k, den Ton g} und von $$MATH jener Länge, i — l oder l — m oder m — k, den Ton g}} erhalten.
109 1707 1670 1763 Jetzt ist der Fingerzeig gegeben; denn so wie man in Fig. 2 durch $$MATH Saitenlänge, i — m oder l — k,
110 1767 1674 1812 die Quinte von c} erhielt, so wird durch $$MATH von i — m in nachstehender Fig. 3, nämlich i — o, die Quinte
110 1803 683 1868 von der Quinte, der Ton d}} erzeugt:
222 2005 1673 2061 In Zahlen ausgedrückt, c als Grundton und g}} als Quinte angenommen, erhält man dann folgende
116 2065 1682 2115 Formel: $$MATH. Um innerhalb des Octavenraumes c} — c}} bleiben zu können, verdoppelt
117 2107 1675 2156 man $$MATH in $$MATH; — denn die Verdoppelung einer Saite von irgend welcher beliebigen Länge gibt ja die
118 2154 1678 2197 tiefere oder Unteroctave des Tones von der einfachen Länge dieser Saite, also hier d}. Wird nun in dieser
221 2290 768 2350 *) Die Reductionstabelle ist folgende:
332 2577 1485 2628 +) Statt asas wird von manchen unserer alten Tonlehrer wohl richtiger ases geschrieben. —
329 2607 1675 2653 ++) Wie man sieht, so ist im Gefach 9 ein Platz unausgefüllt gelassen. Hätte der Verfasser nach herkömmlicher
377 2639 1671 2676 Benennung ins Gefach 10 bes gesetzt, so konnte er unter 9 beses haben, wodurch er allerdings die Zahl
377 2660 1671 2701 von 2 Versetzungszeichen überschritten, jedoch der Sache keinen Nachtheil zugefügt hätte; denn in Betreff
370 2698 1678 2733 praktischer Verwendbarkeit werden manche andere aufgezählte Tonbezeichnungen, wie z. B. ceses, feses,
378 2715 1111 2755 aisis 2c., eben so seltene Erscheinungen sein, wie beses. —
