<?xml version="1.0" encoding="UTF-8" standalone="yes"?>
<PcGts xmlns="http://schema.primaresearch.org/PAGE/gts/pagecontent/2013-07-15" xmlns:xsi="http://www.w3.org/2001/XMLSchema-instance" xsi:schemaLocation="http://schema.primaresearch.org/PAGE/gts/pagecontent/2013-07-15 http://schema.primaresearch.org/PAGE/gts/pagecontent/2013-07-15/pagecontent.xsd">
    <Metadata>
        <Creator>prov=University of Rostock/Institute of Mathematics/CITlab|PLANET AI GmbH/Gundram Leifert/gundram.leifert@planet-ai.de:name=ONB_Newseye_GT_M1+(htr_id=10810)::::v=2.6.7
prov=University of Rostock/Institute of Mathematics/CITlab|PLANET AI GmbH/Tobias Gruening/tobias.gruening@planet-ai.de:name=de.uros.citlab.module.baseline2polygon.B2PSeamMultiOriented:v=2.6.7
prov=University of Rostock/Institute of Mathematics/CITlab|PLANET AI GmbH/Tobias Gruening/tobias.gruening@planet-ai.de:name=/net_tf/LA73_249_0mod360.pb:de.uros.citlab.segmentation.CITlab_LA_ML:v=2.6.7
Transkribus</Creator>
        <Created>2021-02-25T18:51:16.188+01:00</Created>
        <LastChange>2021-04-17T11:46:50.197+02:00</LastChange>
        <TranskribusMetadata docId="618525" pageId="24492477" pageNr="7" tsid="56699722" status="DONE" userId="74363" imgUrl="https://files.transkribus.eu/Get?id=OQYIAZQCTISKXLALYGFKNQQF&amp;fileType=view" xmlUrl="https://files.transkribus.eu/Get?id=TDPMPBYVQGULQACLDBYVTAKH" imageId="18861071"/>
    </Metadata>
    <Page imageFilename="Kunkel1863-0007.jpg" imageWidth="1793" imageHeight="2941" type="content">
        <ReadingOrder>
            <OrderedGroup id="ro_1624196220325" caption="Regions reading order">
                <RegionRefIndexed index="0" regionRef="TextRegion_1614371573073_316"/>
                <RegionRefIndexed index="1" regionRef="TextRegion_1614371573073_315"/>
                <RegionRefIndexed index="2" regionRef="TextRegion_1614371561819_311"/>
                <RegionRefIndexed index="3" regionRef="TextRegion_1614371559372_307"/>
                <RegionRefIndexed index="4" regionRef="TextRegion_1614371547234_303"/>
            </OrderedGroup>
        </ReadingOrder>
        <TextRegion orientation="0.0" type="heading" id="TextRegion_1614371573073_316" custom="readingOrder {index:0;} structure {type:heading;}">
            <Coords points="151,755 1715,755 1715,844 151,844"/>
            <TextLine id="r1l1" custom="readingOrder {index:0;} textStyle {offset:0; length:8;fontSize:0.0; kerning:0; bold:true;}">
                <Coords points="727,803 990,811 1016,797 1029,811 1107,812 1134,800 1135,763 1084,720 1046,739 964,747 949,736 811,743 792,723 730,715"/>
                <Baseline points="737,785 762,788 788,790 814,792 840,794 866,795 891,796 917,796 943,796 969,797 995,797 1020,797 1046,797 1072,797 1098,797 1124,798"/>
                <TextEquiv>
                    <Unicode>Vorwort.</Unicode>
                </TextEquiv>
            </TextLine>
            <TextEquiv>
                <Unicode>Vorwort.</Unicode>
            </TextEquiv>
        </TextRegion>
        <TextRegion orientation="0.0" type="paragraph" id="TextRegion_1614371573073_315" custom="readingOrder {index:1;}">
            <Coords points="151,844 1715,844 1715,1937 151,1937"/>
            <TextLine id="r1l2" custom="readingOrder {index:0;}">
                <Coords points="248,1121 1721,1123 1721,1082 1591,1074 349,1081 248,1045"/>
                <Baseline points="258,1114 330,1114 403,1114 476,1114 548,1114 621,1114 694,1114 766,1115 839,1115 912,1115 985,1115 1057,1115 1130,1115 1203,1115 1275,1115 1348,1116 1421,1116 1493,1115 1566,1115 1639,1115 1712,1115"/>
                <TextEquiv>
                    <Unicode>Kaum läßt sich wohl in irgend einer der Künste die Technik ohne alle Beziehung zu</Unicode>
                </TextEquiv>
            </TextLine>
            <TextLine id="r1l3" custom="readingOrder {index:1;}">
                <Coords points="151,1189 1725,1187 1725,1146 1599,1138 151,1139"/>
                <Baseline points="161,1178 238,1178 316,1178 394,1178 471,1177 549,1177 627,1178 704,1178 782,1178 860,1178 938,1178 1015,1178 1093,1179 1171,1179 1248,1179 1326,1179 1404,1179 1481,1179 1559,1179 1637,1178 1715,1178"/>
                <TextEquiv>
                    <Unicode>den Grund- und Lehrsätzen der Aesthetik zum Zwecke einer geordneten Kunsttheorie mit geringerem</Unicode>
                </TextEquiv>
            </TextLine>
            <TextLine id="r1l4" custom="readingOrder {index:2;}">
                <Coords points="150,1254 1723,1248 1608,1203 150,1203"/>
                <Baseline points="160,1237 237,1238 315,1239 392,1240 470,1240 548,1241 625,1241 703,1241 780,1242 858,1242 936,1242 1013,1242 1091,1242 1168,1241 1246,1241 1324,1241 1401,1241 1479,1241 1556,1241 1634,1241 1712,1241"/>
                <TextEquiv>
                    <Unicode>Erfolge scharf getrennt darstellen, wie in der Musik. Viele rohe technische Tongestaltungen</Unicode>
                </TextEquiv>
            </TextLine>
            <TextLine id="r1l5" custom="readingOrder {index:3;}">
                <Coords points="151,1316 1687,1325 1716,1270 151,1271"/>
                <Baseline points="161,1301 238,1301 315,1301 392,1301 470,1301 547,1302 624,1302 701,1303 779,1303 856,1304 933,1304 1010,1305 1088,1305 1165,1305 1242,1305 1319,1305 1397,1304 1474,1304 1551,1303 1628,1302 1706,1300"/>
                <TextEquiv>
                    <Unicode>werden nur in besonderen Fällen und durch geeignete Milderungsmittel das musikalisch-</Unicode>
                </TextEquiv>
            </TextLine>
            <TextLine id="r1l6" custom="readingOrder {index:4;}">
                <Coords points="151,1380 1624,1387 1712,1380 1712,1331 151,1334"/>
                <Baseline points="160,1363 237,1363 314,1362 391,1362 468,1363 545,1363 622,1363 699,1364 776,1364 853,1365 931,1365 1008,1366 1085,1366 1162,1367 1239,1367 1316,1367 1393,1367 1470,1367 1547,1366 1624,1366 1702,1365"/>
                <TextEquiv>
                    <Unicode>gebildete Gehör befriedigen; und hierüber entscheidet eben der geläuterte Kunstgeschmack,</Unicode>
                </TextEquiv>
            </TextLine>
            <TextLine id="r1l7" custom="readingOrder {index:5;}">
                <Coords points="150,1444 1714,1437 1714,1390 1644,1384 150,1386"/>
                <Baseline points="159,1425 236,1425 313,1425 390,1426 468,1426 545,1426 622,1427 699,1427 777,1427 854,1427 931,1427 1008,1427 1086,1428 1163,1428 1240,1428 1317,1428 1395,1428 1472,1427 1549,1427 1626,1427 1704,1427"/>
                <TextEquiv>
                    <Unicode>somit streng genommen die Aesthetik nach den Gesetzen und Lehren des Schönen. Verfolgt</Unicode>
                </TextEquiv>
            </TextLine>
            <TextLine id="r1l8" custom="readingOrder {index:6;}">
                <Coords points="147,1501 1714,1498 1671,1449 147,1456"/>
                <Baseline points="156,1488 233,1488 310,1488 388,1488 465,1488 543,1488 620,1489 697,1489 775,1489 852,1489 930,1490 1007,1490 1084,1490 1162,1490 1239,1490 1317,1490 1394,1491 1471,1490 1549,1490 1626,1490 1704,1490"/>
                <TextEquiv>
                    <Unicode>man den Entwickelungsgang unserer Musiktheorie, so findet man dieses Hand- in Handgehen</Unicode>
                </TextEquiv>
            </TextLine>
            <TextLine id="r1l9" custom="readingOrder {index:7;}">
                <Coords points="148,1563 1715,1555 1687,1514 148,1514"/>
                <Baseline points="157,1550 234,1550 311,1550 389,1550 466,1550 544,1550 621,1551 698,1551 776,1551 853,1551 931,1551 1008,1551 1085,1551 1163,1552 1240,1552 1318,1552 1395,1552 1472,1552 1550,1551 1627,1551 1705,1551"/>
                <TextEquiv>
                    <Unicode>der Technik mit den Lehrsätzen der Aesthetik bestätigt; denn es besteht wohl kein musikalisch-</Unicode>
                </TextEquiv>
            </TextLine>
            <TextLine id="r1l10" custom="readingOrder {index:8;}">
                <Coords points="142,1624 1710,1620 1710,1583 1553,1573 142,1577"/>
                <Baseline points="152,1609 229,1609 306,1610 384,1610 461,1610 539,1611 616,1611 693,1611 771,1611 848,1612 926,1612 1003,1612 1080,1612 1158,1612 1235,1613 1313,1613 1390,1613 1467,1613 1545,1613 1622,1613 1700,1613"/>
                <TextEquiv>
                    <Unicode>theoretisches Werk (— Generalbaßschule, Harmonielehre, Tonsetzkunst, Compositionslehre, oder</Unicode>
                </TextEquiv>
            </TextLine>
            <TextLine id="r1l11" custom="readingOrder {index:9;}">
                <Coords points="151,1684 1632,1692 1712,1684 1712,1641 151,1647"/>
                <Baseline points="161,1674 238,1674 315,1674 392,1673 469,1673 546,1673 623,1673 700,1673 777,1673 854,1674 931,1674 1008,1674 1085,1674 1162,1675 1239,1675 1316,1675 1393,1675 1470,1675 1547,1675 1624,1675 1702,1675"/>
                <TextEquiv>
                    <Unicode>etwa auch unter noch andern Namen —), welches von den in demselben zur Erklärung und</Unicode>
                </TextEquiv>
            </TextLine>
            <TextLine id="r1l12" custom="readingOrder {index:10;}">
                <Coords points="143,1746 1715,1755 1715,1696 143,1697"/>
                <Baseline points="152,1734 229,1734 307,1735 385,1735 462,1735 540,1736 618,1736 695,1736 773,1736 851,1737 929,1737 1006,1737 1084,1737 1162,1737 1239,1737 1317,1737 1395,1737 1472,1737 1550,1737 1628,1737 1706,1737"/>
                <TextEquiv>
                    <Unicode>Vorführung gekommenen harmonischen und melodischen Tonverbindungen nicht auch den Werth</Unicode>
                </TextEquiv>
            </TextLine>
            <TextLine id="r1l13" custom="readingOrder {index:11;}">
                <Coords points="147,1812 1710,1813 1710,1768 1612,1760 147,1768"/>
                <Baseline points="156,1796 233,1796 310,1796 387,1797 464,1797 542,1797 619,1798 696,1798 773,1798 850,1799 928,1799 1005,1799 1082,1799 1159,1800 1236,1800 1314,1800 1391,1800 1468,1800 1545,1800 1622,1799 1700,1799"/>
                <TextEquiv>
                    <Unicode>oder Unwerth derselben bezeichnete, sowie deren künstlerische Verwendbarkeit empfiehlt oder</Unicode>
                </TextEquiv>
            </TextLine>
            <TextLine id="r1l14" custom="readingOrder {index:12;}">
                <Coords points="152,1872 1715,1868 1648,1825 152,1824"/>
                <Baseline points="161,1859 238,1859 315,1859 392,1859 469,1859 547,1860 624,1860 701,1860 778,1860 855,1861 933,1861 1010,1861 1087,1861 1164,1861 1241,1861 1319,1861 1396,1861 1473,1861 1550,1860 1627,1860 1705,1859"/>
                <TextEquiv>
                    <Unicode>beziehlich mißräth, wenn nicht überhaupt nur Künstlerisch-Brauchbares erklärt und vor¬</Unicode>
                </TextEquiv>
            </TextLine>
            <TextLine id="r1l15" custom="readingOrder {index:13;}">
                <Coords points="146,1941 193,1938 202,1930 220,1940 265,1928 399,1932 399,1901 356,1882 146,1888"/>
                <Baseline points="155,1922 181,1921 207,1920 233,1920 259,1919 285,1919 311,1919 337,1919 363,1919 389,1919"/>
                <TextEquiv>
                    <Unicode>geführt wurde.</Unicode>
                </TextEquiv>
            </TextLine>
            <TextEquiv>
                <Unicode>Kaum läßt sich wohl in irgend einer der Künste die Technik ohne alle Beziehung zu&#13;
den Grund- und Lehrsätzen der Aesthetik zum Zwecke einer geordneten Kunsttheorie mit geringerem&#13;
Erfolge scharf getrennt darstellen, wie in der Musik. Viele rohe technische Tongestaltungen&#13;
werden nur in besonderen Fällen und durch geeignete Milderungsmittel das musikalisch-&#13;
gebildete Gehör befriedigen; und hierüber entscheidet eben der geläuterte Kunstgeschmack,&#13;
somit streng genommen die Aesthetik nach den Gesetzen und Lehren des Schönen. Verfolgt&#13;
man den Entwickelungsgang unserer Musiktheorie, so findet man dieses Hand- in Handgehen&#13;
der Technik mit den Lehrsätzen der Aesthetik bestätigt; denn es besteht wohl kein musikalisch-&#13;
theoretisches Werk (— Generalbaßschule, Harmonielehre, Tonsetzkunst, Compositionslehre, oder&#13;
etwa auch unter noch andern Namen —), welches von den in demselben zur Erklärung und&#13;
Vorführung gekommenen harmonischen und melodischen Tonverbindungen nicht auch den Werth&#13;
oder Unwerth derselben bezeichnete, sowie deren künstlerische Verwendbarkeit empfiehlt oder&#13;
beziehlich mißräth, wenn nicht überhaupt nur Künstlerisch-Brauchbares erklärt und vor¬&#13;
geführt wurde.</Unicode>
            </TextEquiv>
        </TextRegion>
        <TextRegion orientation="0.0" type="paragraph" id="TextRegion_1614371561819_311" custom="readingOrder {index:2;}">
            <Coords points="151,1937 1715,1937 1715,2183 151,2183"/>
            <TextLine id="r1l16" custom="readingOrder {index:0;}">
                <Coords points="249,1990 1568,2004 1697,1995 1720,1944 249,1945"/>
                <Baseline points="259,1979 331,1979 404,1979 476,1979 549,1980 621,1980 694,1980 766,1980 839,1981 911,1981 984,1981 1057,1981 1129,1981 1202,1982 1274,1982 1347,1982 1419,1982 1492,1982 1564,1981 1637,1981 1710,1981"/>
                <TextEquiv>
                    <Unicode>Umgekehrt wird auch mit eben so geringem Erfolge eine musikalische Aesthetik mit</Unicode>
                </TextEquiv>
            </TextLine>
            <TextLine id="r1l17" custom="readingOrder {index:1;}">
                <Coords points="147,2052 1721,2052 1651,2001 147,2007"/>
                <Baseline points="156,2039 233,2040 311,2040 389,2041 467,2041 545,2041 622,2041 700,2041 778,2041 856,2042 934,2042 1011,2042 1089,2042 1167,2042 1245,2042 1323,2042 1400,2042 1478,2042 1556,2042 1634,2042 1712,2043"/>
                <TextEquiv>
                    <Unicode>völliger Umgehung der Lehrsätze aus der Technik aufgestellt werden können; — man muß ja</Unicode>
                </TextEquiv>
            </TextLine>
            <TextLine id="r1l18" custom="readingOrder {index:2;}">
                <Coords points="150,2116 1724,2105 1680,2066 150,2065"/>
                <Baseline points="160,2100 237,2101 315,2101 393,2101 471,2102 548,2102 626,2102 704,2102 782,2103 859,2103 937,2103 1015,2103 1093,2103 1170,2104 1248,2104 1326,2104 1404,2104 1481,2103 1559,2103 1637,2103 1715,2103"/>
                <TextEquiv>
                    <Unicode>doch erst Tongestaltungen haben, sie wahrnehmen und erkennen, bevor man ästhetisch messen</Unicode>
                </TextEquiv>
            </TextLine>
            <TextLine id="r1l19" custom="readingOrder {index:3;}">
                <Coords points="149,2172 221,2166 337,2180 372,2167 456,2171 456,2118 411,2122 373,2141 265,2122 149,2129"/>
                <Baseline points="159,2161 185,2161 211,2161 237,2161 263,2161 289,2162 316,2162 342,2162 368,2161 394,2161 420,2161 447,2162"/>
                <TextEquiv>
                    <Unicode>und abwägen will.</Unicode>
                </TextEquiv>
            </TextLine>
            <TextEquiv>
                <Unicode>Umgekehrt wird auch mit eben so geringem Erfolge eine musikalische Aesthetik mit
völliger Umgehung der Lehrsätze aus der Technik aufgestellt werden können; — man muß ja
doch erst Tongestaltungen haben, sie wahrnehmen und erkennen, bevor man ästhetisch messen
und abwägen will.</Unicode>
            </TextEquiv>
        </TextRegion>
        <TextRegion orientation="0.0" type="paragraph" id="TextRegion_1614371559372_307" custom="readingOrder {index:3;}">
            <Coords points="151,2183 1715,2183 1715,2617 151,2617"/>
            <TextLine id="r1l20" custom="readingOrder {index:0;}">
                <Coords points="258,2235 1718,2237 1718,2194 1651,2186 258,2186"/>
                <Baseline points="267,2223 339,2223 411,2223 483,2224 555,2224 627,2224 699,2224 771,2224 843,2225 915,2225 987,2225 1059,2225 1131,2225 1203,2225 1275,2225 1347,2225 1419,2225 1491,2225 1563,2225 1635,2225 1707,2224"/>
                <TextEquiv>
                    <Unicode>Die Partei, welche die Richtung der Zukunftsmusik vertritt und bisher mit allgemeinen</Unicode>
                </TextEquiv>
            </TextLine>
            <TextLine id="r1l21" custom="readingOrder {index:1;}">
                <Coords points="146,2299 1717,2297 1690,2250 146,2248"/>
                <Baseline points="155,2282 232,2283 310,2284 387,2284 465,2285 543,2286 620,2286 698,2286 775,2287 853,2287 931,2287 1008,2287 1086,2287 1163,2287 1241,2287 1319,2287 1396,2287 1474,2287 1551,2287 1629,2287 1707,2287"/>
                <TextEquiv>
                    <Unicode>ästhetischen Principien, häufiger jedoch nur mit leerem Phrasen-Geplänkel eine künstlerische</Unicode>
                </TextEquiv>
            </TextLine>
            <TextLine id="r1l22" custom="readingOrder {index:2;}">
                <Coords points="140,2355 1713,2364 1616,2313 141,2307"/>
                <Baseline points="151,2343 228,2344 306,2345 383,2346 461,2347 539,2347 616,2348 694,2348 772,2348 849,2348 927,2348 1005,2348 1082,2348 1160,2348 1238,2348 1315,2348 1393,2349 1471,2349 1548,2349 1626,2350 1704,2351"/>
                <TextEquiv>
                    <Unicode>Geltung sich zu erfechten bemühete, konnte am Ende doch nicht wohl länger mehr zögern,</Unicode>
                </TextEquiv>
            </TextLine>
            <TextLine id="r1l23" custom="readingOrder {index:3;} textStyle {offset:56; length:12;fontSize:0.0; kerning:0; letterSpaced:true;}">
                <Coords points="145,2420 1722,2410 1654,2369 145,2375"/>
                <Baseline points="155,2407 232,2408 310,2408 388,2409 466,2409 544,2409 621,2410 699,2410 777,2410 855,2410 933,2411 1010,2411 1088,2411 1166,2411 1244,2411 1322,2411 1399,2411 1477,2412 1555,2412 1633,2412 1711,2412"/>
                <TextEquiv>
                    <Unicode>auch einmal, wenigstens in harmonischer Beziehung, eine Musiktheorie, die Grundlage</Unicode>
                </TextEquiv>
            </TextLine>
            <TextLine id="r1l24" custom="readingOrder {index:4;}">
                <Coords points="145,2484 1720,2479 1692,2434 145,2435"/>
                <Baseline points="155,2470 232,2471 310,2471 388,2472 466,2472 543,2472 621,2473 699,2473 777,2473 854,2473 932,2473 1010,2473 1088,2473 1165,2473 1243,2473 1321,2473 1399,2474 1476,2474 1554,2474 1632,2474 1710,2474"/>
                <TextEquiv>
                    <Unicode>ihrer von der alten Schule abweichenden Bestrebungen, aufzustellen, um der Kunstwelt die</Unicode>
                </TextEquiv>
            </TextLine>
            <TextLine id="r1l25" custom="readingOrder {index:5;}">
                <Coords points="148,2548 1715,2548 1672,2499 148,2499"/>
                <Baseline points="158,2532 235,2533 312,2534 390,2534 467,2535 544,2535 622,2536 699,2536 776,2536 854,2536 931,2536 1008,2536 1086,2536 1163,2536 1240,2536 1318,2536 1395,2536 1472,2536 1550,2537 1627,2537 1705,2538"/>
                <TextEquiv>
                    <Unicode>Unterschiede zwischen der Musik der Vergangenheit und Gegenwart einerseits, und der</Unicode>
                </TextEquiv>
            </TextLine>
            <TextLine id="r1l26" custom="readingOrder {index:6;}">
                <Coords points="145,2614 1225,2608 1225,2567 1149,2561 145,2558"/>
                <Baseline points="155,2596 208,2596 261,2596 314,2596 367,2596 420,2596 473,2596 526,2596 579,2596 632,2597 685,2597 738,2597 791,2597 844,2597 897,2597 950,2597 1003,2597 1056,2597 1109,2597 1162,2597 1216,2596"/>
                <TextEquiv>
                    <Unicode>Zukunftsmusik andererseits, recht klar und deutlich vorzuführen.</Unicode>
                </TextEquiv>
            </TextLine>
            <TextEquiv>
                <Unicode>Die Partei, welche die Richtung der Zukunftsmusik vertritt und bisher mit allgemeinen&#13;
ästhetischen Principien, häufiger jedoch nur mit leerem Phrasen-Geplänkel eine künstlerische&#13;
Geltung sich zu erfechten bemühete, konnte am Ende doch nicht wohl länger mehr zögern,&#13;
auch einmal, wenigstens in harmonischer Beziehung, eine Musiktheorie, die Grundlage&#13;
ihrer von der alten Schule abweichenden Bestrebungen, aufzustellen, um der Kunstwelt die&#13;
Unterschiede zwischen der Musik der Vergangenheit und Gegenwart einerseits, und der&#13;
Zukunftsmusik andererseits, recht klar und deutlich vorzuführen.</Unicode>
            </TextEquiv>
        </TextRegion>
        <TextRegion orientation="0.0" type="paragraph" id="TextRegion_1614371547234_303" custom="readingOrder {index:4;} structure {type:paragraph;}">
            <Coords points="151,2617 1715,2617 1715,2737 151,2737"/>
            <TextLine id="r1l27" custom="readingOrder {index:0;}">
                <Coords points="241,2670 1714,2668 1644,2617 241,2620"/>
                <Baseline points="251,2659 323,2659 396,2659 469,2659 541,2659 614,2659 687,2659 759,2659 832,2659 905,2660 978,2660 1050,2660 1123,2660 1196,2660 1268,2660 1341,2660 1414,2660 1486,2660 1559,2660 1632,2660 1705,2659"/>
                <TextEquiv>
                    <Unicode>Daß eine solche Ausführung aber mit besonderem Eclat erfolgen müsse, war von dieser</Unicode>
                </TextEquiv>
            </TextLine>
            <TextLine id="r1l28" custom="readingOrder {index:1;}">
                <Coords points="141,2733 873,2731 873,2692 811,2682 141,2688"/>
                <Baseline points="152,2720 187,2720 223,2721 258,2721 294,2721 329,2721 365,2721 400,2722 436,2722 471,2722 507,2722 543,2722 578,2722 614,2722 649,2722 685,2722 720,2722 756,2722 791,2722 827,2722 863,2722"/>
                <TextEquiv>
                    <Unicode>exaltirten Partei nicht anders zu erwarten.</Unicode>
                </TextEquiv>
            </TextLine>
            <TextEquiv>
                <Unicode>Daß eine solche Ausführung aber mit besonderem Eclat erfolgen müsse, war von dieser
exaltirten Partei nicht anders zu erwarten.</Unicode>
            </TextEquiv>
        </TextRegion>
    </Page>
</PcGts>
