1793 2941
1631 74 1701 133 27
155 179 1703 235 klängen gegenüber, einen umfangreicheren Zusammenhang mit andern Harmonieen haben muß und in seiner
151 235 1705 283 Eigenschaft als Dominantaccord am entschiedendsten in die beabsichtigte Tonart hinführt; 2) der vermin¬
145 281 1707 331 derte Septimenaccord und 3) der mit einem Hauptvierklange enharmonisch auf gleicher Tonhöhe
149 329 1707 374 stehende Quintsextenaccord mit übermäßiger Sexte. Diese Accorde, welche allerdings zu
150 370 1699 420 interessanten Zusammenstellungen einer bestimmten Anzahl von Tonarten zum Zwecke der Ausweichung Ver¬
151 409 1699 461 anlassung geben, müßten dann nach jener falschen Lehrweise eben so gut, wie die terzverwandten Dreiklänge,
147 460 1707 508 als Grund angenommen werden, die Verwandtschaft der Tonarten zu bestimmen, ihre festgestellten Abstände
151 503 1703 555 wieder zu ändern! — Oder will man sich in der That absichtlich täuschen lassen, es würden zwei nach ihrer
154 550 1700 598 Tonmasse sehr entfernt gelegenen Tonarten durch einen oder den andern der oben bezeichneten Vermittelungs-
152 594 1699 637 Accorde in ihren Abständen geändert werden? Man präludire einmal in C-dur oder c-moll und gehe dann
149 641 1706 691 vermittelst des verminderten Septimenaccordes nach seiner einfachen enharmonischen Gestaltung nach Es oder
156 684 1698 726 es, Ges oder fis und A oder a und prüfe sein Gehör, ob die betreffenden Tonarten in ihrer Gradation als
158 723 1702 773 sich näher gestellte empfunden werden. Im Gegentheile, der Tonartenabstand als solcher erscheint auffallender,
152 770 1702 813 als wenn wir, gleichsam das Gehör präparirend, nach einer oder der andern der Figuren 20, 22, 30 und
148 816 1702 861 31 alle zwischen je zwei der beziehlichen Tonarten gelegenen Grade durchwandern *). Aber das ist ja eben
153 864 1616 913 der ästhetische Zweck, — man will absichtlich überraschen, wie auch in nachstehendem Beispiel:
258 1450 1698 1500 Was soll man nun aber einem Kunstjünger auf die etwaige Frage, in welchem Verwandtschaftsgrade
155 1497 1705 1540 Es-dur **) zu D-dur im vorstehenden Beispiele stehe, antworten? Nach Weber'scher Lehre müßte man an
150 1539 1710 1588 den Frager eine Vorfrage stellen, ob er nach gradliniger, auf- und absteigender Reihe oder nach einer oder
150 1585 1707 1637 der andern Seitenverwandtschaft eine Antwort wünsche; Marx würde ihm sagen, daß die Frage nach
154 1643 1700 1683 „äußern, gröbern Verwandtschaftsverhältnissen”, vielleicht aber auch nach „sympathetischen Beziehungen” be¬
153 1682 1707 1723 antwortet werden könne, und für Weitzmann wäre die Beantwortung dieser Frage ein casus fatalis; denn
148 1726 1712 1772 auf Seite 17 seines neugeschaffenen Harmoniesystems (s. oben Seite 19) ist eine solche Ausweichung nicht
150 1761 1705 1811 vorgesehen, und es kann auch in diesen beiden Tonarten kein „mystischer Zusammenhang”, welcher
152 1815 1476 1853 nach seiner Deduction nur zwischen C-dur und Fis- oder Ges-dur stattfindet, entdeckt werden. —
258 1851 1700 1896 Wahrhaft komisch ist es dann, noch einige Begründungen und Consequenzen nach der früher schon er¬
152 1897 1703 1940 kannten seltsamen Logik als weitere Ergebnisse der angestellten Untersuchung gegen das Ende derselben auf¬
156 1944 1702 1986 gestellt zu finden. So verwirft der Verfasser die Modulation aus einer Durtonart in die Molltonart der
151 1980 1710 2026 Quinte, z. B. von C-dur nach g-moll, weil eine Durtonart nicht mit weicher Oberdominante
154 2026 1704 2075 (— sollte heißen: Oberdominantendreiklange —) auftreten könne, weshalb er denn auch in seiner
152 2071 1704 2117 aufgestellten Gruppe verwandter Tonarten jener von g-moll kein Plätzchen eingeräumt hat; und doch bringt
151 2114 1707 2154 er bald darnach in seinen Dreiklangsverbindungen unter Nummer 19 den großen C-Dreiklang mit dem
155 2150 1707 2197 kleinen g-Dreiklang unmittelbar zusammengestellt. Wenn nun aber eine solche Harmonieverbindung stattfinden
152 2200 1708 2246 kann, was wohl kein sachverständiger Musiker bestreitet, so muß man auch, eben so unmittelbar aus C-dur
150 2244 1702 2292 nach g-moll schreiten können, indem man den C-Dreiklang als tonischen und Schluß-Accord von C-dur, den
148 2291 1700 2339 g-Dreiklang als neue tonische und Anfangsharmonie von g-moll betrachtet, abgesehen davon, daß eine Aus¬
263 2442 1695 2488 *) Wenn ein kühner Springer eine sechs Treppen hohe Stiege von oben herab in einem Satze
304 2482 1692 2522 überspringt, wird er eine stärkere Erschütterung verspüren (— vorausgesetzt, daß er nicht den Hals
313 2519 1695 2556 bricht und so alles Verspüren radical beseitigt —), als bei stufenweisem Abwärtsschreiten. Die
304 2554 1696 2596 beiden Enden der Stiege bleiben aber in jedem Falle gleichweit von einander
304 2588 472 2636 entfernt! —
246 2634 1690 2676 **) Der Ton gis} im 3. Takte, Fig. 32, wird nämlich beim erstmaligen Anhören als as} empfunden,
309 2673 1691 2722 so daß der Accord als Dominantharmonie der ursprünglichen Tonart (Es-dur) vom Gehör auf¬
311 2709 552 2756 genommen wird. —
