1793 2941
1618 113 1698 173 19
137 225 1692 275 fernere Verwandtschaft erkennen wir in denjenigen Accorden, welche derselben Tonart angehören und von
145 264 1689 315 einander in zwei Tönen unterschieden sind; so der dem C-dur-Dreiklange quintverwandte F-dur¬
139 312 1685 362 und G-dur-Dreiklang, und mit Hinzuziehung der weicheren Durtonart auch der F-moll-Dreiklang. Die
143 364 1694 408 auf ähnliche Weise noch mit einem bestimmten Accorde in Verbindung stehenden entfernteren Verwandten
149 407 1687 451 finden sich nun nicht mehr in der Tonart des ersteren vor; so die dem C-dur-Dreiklange noch verbundenen
143 450 1683 493 Accorde: der C-moll-Dreiklang und die ihm terzverwandten Accorde: der A-dur, E-dur-, As-dur und
148 491 415 541 Es-dur-Dreiklang.
244 546 1688 594 Eben so verwandt wie die hier genannten Accorde werden sich auch die Tonarten erweisen, deren
143 584 1694 643 harmonische Grundpfeiler sie bilden, indem wir sie zu Haupt-Dreiklängen erheben. In neuerer Zeit hat man
137 632 1687 679 noch einen mystischen Zusammenhang zwischen denjenigen Tonarten wahrgenommen, deren Haupttöne im
141 675 1688 722 Verhältnisse einer kleinen Unter- oder Oberquinte zu einander stehen, wie C-dur und Fis-dur oder Ges-dur.
137 722 1686 770 Zu scharfen modulatorischen Gegensätzen eignen sich diese jedenfalls besser, als die ebenfalls noch als entfernt
144 762 1688 812 verwandt betrachteten Tonarten, deren Haupttöne im Verhältniß einer Secunde zu einander stehen, wie C-dur
135 813 1694 861 und D-moll, oder A-moll und G-dur. Die weichere Tonart der Oberdominante einer Durtonart aber, und
140 858 1688 908 die harte der Unterdominante einer Molltonart, wie C-dur und G-moll, oder A-moll und D-dur, stehen
139 899 1693 941 einander, trotz der Verbindung ihrer quintverwandten Dreiklänge so fremd gegenüber, daß sie nicht einmal zu
137 939 1686 988 modulatorischen Gegensätzen zu benutzen sind. Die Folge des C-dur und des G-moll-Dreiklanges würde
140 985 1687 1030 uns in die F-dur-Tonart versetzen, denn die Durtonart kann wohl, wie oben bemerkt, mit harter oder
141 1027 1687 1076 weicher Unterdominante, niemals aber mit weicher Oberdominante, wie die Molltonart im Gegentheile wohl
142 1078 1696 1125 mit weicher oder harter Oberdominante, niemals aber mit harter Unterdominante zur Anwendung gebracht
141 1114 1515 1165 werden. Der Dur- und der Molltonart würden sich also die folgenden Verwandten anschließen:
243 1450 1689 1499 Der C-dur-Dreiklang ist, wie bemerkt, verbunden mit allen Hauptdreiklängen der hier angegebenen
134 1496 1688 1546 Verwandten der C-dur-Tonart, er findet sich sogar vollständig vor in der F-moll-, F-dur-, A-moll, C-dur,
147 1541 1693 1594 E-moll, G-dur und D-moll-Tonart, und steht also nicht allein mit den tonischen Dreiklängen, sondern auch
135 1586 1625 1638 mit den übrigen Harmonieen dieser Tonarten und deren weiteren Verzweigungen in näherer Beziehung.”
238 1633 1690 1683 Es ist die vorstehende Gruppirung zur Veranschaulichung der Tonarten-Verwandtschaft und deren
141 1681 1689 1732 Gradation, als Resultat der Untersuchung oder als „Beantwortung” der oben aufgestellten Frage, ein durch¬
133 1731 1688 1774 aus zweckverfehltes Gemenge, — ein babylonisches Gebäude! Solche Resultate ergeben sich, wenn man den
139 1775 1693 1828 wissenschaftlichen Boden verläßt, falsche Prämissen aufstellt, verschiedene Lehr-Disciplinen untereinander mischt,
140 1818 1690 1860 wie hier die Lehre von den Harmonieenschritten leitereigener und leiterfremder, durch gemeinschaftliche Töne
144 1863 1690 1908 verbundene Accorde mit jener von der Verwandtschaft der Tonarten und dann wiederum theilweise mit der
140 1897 1682 1948 Lehre von der Modulation. So kam es denn, daß der Verfasser den anfangs für die Aufstellung der Ver¬
141 1949 1684 1996 wandtschaft der Tonarten und ihrer Gradation berührten Grund, nämlich die „größte Aehnlichkeit” (Ge¬
147 1992 1682 2037 meinschaftlichkeit) leitereigener Töne und Accorde, später als eine nur „äußere Aehnlichkeit” verworfen und
141 2033 1686 2084 alles Ernstes als Princip für jene Aufstellung die doch auch nur auf einer äußeren Aehnlichkeit basirten,
143 2074 1683 2123 „terzverwandten Accorde” — Dreiklänge, welche 2 Töne mit einander gemein haben — angenommen
139 2122 1683 2163 und somit thatsächlich die e-moll- und a-moll-Tonarten der C-dur-Tonart näher gestellt hat, als jene
137 2161 412 2205 von G- und F-dur.
238 2209 1686 2259 Wir haben oben in Abtheilung I, nachdem wir die Theilung der Saiten in 2 gleiche Theile vorge¬
142 2261 1682 2308 nommen hatten, gefunden, daß durch die Theilung mittelst der zunächst folgenden Zahlen 3 und 4, die
134 2305 1678 2356 Quinte und die Quarte, als den Octaven nächstfolgenden Descendenten, entstehen (siehe oben Fig. 2 u. 4). *)
145 2349 1685 2395 Somit stehen Ober- und Unterquinte (letzte als umgekehrte Quarte) einem Grundton oder seiner Octave am
143 2393 1689 2443 nächsten; es sind „seine nächsten Verwandten”, sagt ja der Verfasser selbst (siehe oben die unter Abtheilung III
246 2543 1680 2596 *) Auch bei der Erwähnung des Mitklingens der Beitöne (s. vorstehende Seite Fig. 16) hat man wahr¬
297 2594 1683 2645 genommen, daß unter 2:3 zuerst das Quintenverhältniß, c — g, und dann, wenngleich keine
286 2640 1690 2683 Quarte vom Grundtone, so doch das Verhältniß der Quarte, 3:4, g — c}, zum Vorschein
286 2681 1683 2732 kamen, bevor sich die Terzverhältnisse, das große Verhältniß 4:5, c — e und das kleine
287 2723 665 2772 5:6, e — g, zeigten. —
