1793 2941
1627 85 1721 152 45
239 161 1714 239 Weiter wird in diesem Kapitel behauptet: „Die ältere Theorie muß demnach die untenstehenden Bei¬
143 231 1720 283 spiele von Beethoven und Hauptmann gänzlich verwerfen, weil sie nicht im Stande ist, die hier zu¬
152 283 1720 341 sammentreffenden Töne as, cis, e bei 1 und eben so die bei 2: c, eis, gis, h, d in irgend eine Beziehung
143 332 1326 384 mit den Harmonieen einer und deselben Tonart zu bringen.” — Siehe Fig. 61.
256 1157 1719 1212 Einestheils kann vorstehende Behauptung nur in der musikalisch-theoretischen Ignoranz zu suchen sein,
145 1203 1721 1250 und wir haben nach dem bisher Besprochenen wohl nicht nöthig, besonders nachzuweisen, daß in den älteren
145 1247 1721 1293 theoretischen Unterrichtsbüchern die nicht-accordlichen Töne der vorbezeichneten Art schon sehr lange her nach den
146 1291 1723 1342 Regeln für den Gebrauch harmoniefremder Töne kunstvernünftig erklärt werden; anderntheils ist die Logik,
147 1334 1711 1382 worauf diese Behauptung beruht, grundfalsch, indem die „ältere Theorie” solche und ähnliche wie die vorge¬
149 1380 1716 1432 brachten Beispiele noch nicht „gänzlich verwerfen” muß, weil sie nicht gerade dieselbe Erklärungsweise dafür
150 1423 1714 1475 aufgestellt hat, wie etwa das neueste „Harmoniesystem”. — Daß die Musiktheorie zur Zeit, allwo die Entwickelung
143 1470 1719 1519 eines kunstwissenschaftlichen Harmoniesystems noch im Gährungsprocesse lag, manche Zusammenklänge nicht „in
148 1514 1724 1567 irgend eine Beziehung mit den Harmonieen einer und derselben Tonart bringen” konnte, die damaligen Theo¬
156 1552 1720 1608 retiker die ihnen vorkommenden ungewöhnlichen Zusammenklänge aber dennoch zu erklären gesucht haben, wird
143 1602 1719 1655 nicht bestritten, und es verdient ein solches Streben nach Gründlichkeit immer unsere Achtung und Anerkennung.
172 1647 1724 1693 Wo ihnen nämlich die Bestandtheile einer Leiter zum Zwecke der Accordbildungen nicht ausreichten, haben
160 1690 1721 1742 sie sich Töne aus andern Leitern erborgt; es entstanden dann die sogenannten „gemischten” Accorde. Und
151 1732 1724 1791 in der That weißt die veraltete Lehre einen Accord unter dem Namen „doppelt vergrößerter” oder auch
152 1777 1719 1825 „doppelt übermäßiger Dreiklang” auf, nach welchem die oben berührten Zusammenklänge ihre Er¬
158 1806 908 1874 klärung finden. Hier folgt er in dreifachen Gestalt:
257 2112 1725 2173 Derselbe klingt gar nicht so fürchterlich, als er aussieht; ist er ja auch seinem Klange nach nichts
149 2166 1722 2216 weiter, als ein consonirender kleiner Dreiklang (dis — fis — ais oder es — ges — b), dessen Grundform,
150 2210 1729 2271 i, vom Ohre als ein Quartsexten-Accord, der Sextenaccord, k, als ein Dreiklang (Terzquintenaccord) und der
146 2255 1732 2305 Quartsextenaccord, l, als ein Sextenaccord vernommen wird. Man wird leicht die Töne cis — e — as, nach Abzug
148 2293 1724 2376 des Orgelpunktes G im obigen Beispiele von Beethoven, und die Töne c}} — eis}} — gis}}, denen die Septime
153 2366 1720 2435 h}} beigefügt ist, im Beispiele von Hauptmann, als Transpositionen der Fig. 62, k, und resp. i, er¬
152 2416 260 2476 kennen. —
258 2471 1727 2527 Von solchen weitschweifigen Erklärungsweisen ist man aber, wie gesagt, längst befreit. Schon Türk
155 2523 1728 2575 will von dem Accord in Fig. 62 und von andern ähnlichen Gelichters nicht viel Aufhebens machen. Später
153 2568 1723 2617 aufgetretene Schriftsteller erwähnen den doppelt übermäßigen Dreiklang entweder gar nicht mehr, oder sie
159 2612 1726 2664 verwerfen ihn als selbstständigen Accord, wie z. B. André, der ihn wohl unter den möglicherweise
161 2657 1719 2710 zu bildenden Dreiklängen mit aufführt, jedoch es für „widersprechend” hält, daß ein dem Gehöre nach
158 2700 1722 2759 „consonirender” Quartsexten-Accord als ein „dissonirender”. Dreiklang gelten soll. Auch Richter
