<?xml version="1.0" encoding="UTF-8" standalone="yes"?>
<PcGts xmlns="http://schema.primaresearch.org/PAGE/gts/pagecontent/2013-07-15" xmlns:xsi="http://www.w3.org/2001/XMLSchema-instance" xsi:schemaLocation="http://schema.primaresearch.org/PAGE/gts/pagecontent/2013-07-15 http://schema.primaresearch.org/PAGE/gts/pagecontent/2013-07-15/pagecontent.xsd">
    <Metadata>
        <Creator>prov=University of Rostock/Institute of Mathematics/CITlab|PLANET AI GmbH/Gundram Leifert/gundram.leifert@planet-ai.de:name=ONB_Newseye_GT_M1+(htr_id=10810)::::v=2.6.7
prov=University of Rostock/Institute of Mathematics/CITlab|PLANET AI GmbH/Tobias Gruening/tobias.gruening@planet-ai.de:name=de.uros.citlab.module.baseline2polygon.B2PSeamMultiOriented:v=2.6.7
prov=University of Rostock/Institute of Mathematics/CITlab|PLANET AI GmbH/Tobias Gruening/tobias.gruening@planet-ai.de:name=/net_tf/LA73_249_0mod360.pb:de.uros.citlab.segmentation.CITlab_LA_ML:v=2.6.7
Transkribus</Creator>
        <Created>2021-02-25T18:51:17.634+01:00</Created>
        <LastChange>2021-09-06T18:37:47.126+02:00</LastChange>
        <TranskribusMetadata docId="764524" pageId="28718849" pageNr="58" tsid="64340084" status="DONE" userId="74363" imgUrl="https://files.transkribus.eu/Get?id=KTTKXGNLQUPISDYQBOMKFDBI&amp;fileType=view" xmlUrl="https://files.transkribus.eu/Get?id=IDQDNBYZDPHWKBLQBWNAQDFS" imageId="22439354"/>
    </Metadata>
    <Page imageFilename="Kunkel1863-0058.jpg" imageWidth="1793" imageHeight="2941" type="content">
        <ReadingOrder>
            <OrderedGroup id="ro_1630948970065" caption="Regions reading order">
                <RegionRefIndexed index="0" regionRef="TextRegion_1614710253194_1048"/>
                <RegionRefIndexed index="1" regionRef="TextRegion_1614710253194_1047"/>
                <RegionRefIndexed index="2" regionRef="TextRegion_1614710251046_1043"/>
                <RegionRefIndexed index="4" regionRef="TextRegion_1614710233106_1035"/>
                <RegionRefIndexed index="5" regionRef="TextRegion_1614710229859_1031"/>
                <RegionRefIndexed index="6" regionRef="TextRegion_1614710197173_1027"/>
            </OrderedGroup>
        </ReadingOrder>
        <TextRegion orientation="0.0" type="page-number" id="TextRegion_1614710253194_1048" custom="readingOrder {index:0;} structure {type:page-number;}">
            <Coords points="119,117 1664,117 1664,167 119,167"/>
            <TextLine id="r1l1" custom="readingOrder {index:0;}">
                <Coords points="112,155 135,157 144,149 149,156 164,156 175,147 184,148 187,108 175,107 168,99 162,98 116,98"/>
                <Baseline points="124,137 149,140 175,140"/>
                <TextEquiv>
                    <Unicode>56</Unicode>
                </TextEquiv>
            </TextLine>
            <TextEquiv>
                <Unicode>56</Unicode>
            </TextEquiv>
        </TextRegion>
        <TextRegion orientation="0.0" type="paragraph" id="TextRegion_1614710253194_1047" custom="readingOrder {index:1;} structure {type:paragraph;}">
            <Coords points="119,167 1664,167 1664,385 119,385"/>
            <TextLine id="r1l2" custom="readingOrder {index:0;}">
                <Coords points="116,253 1661,259 1661,213 1607,209 116,201"/>
                <Baseline points="125,238 201,239 277,239 353,240 430,240 506,241 582,241 659,242 735,242 811,243 888,244 964,244 1040,245 1116,245 1193,246 1269,246 1345,246 1422,247 1498,247 1574,247 1651,247"/>
                <TextEquiv>
                    <Unicode>sieht, resp. überhört man denselben allerdings jetzt, gewöhnt sich nach und nach nothgedrungen an diese</Unicode>
                </TextEquiv>
            </TextLine>
            <TextLine id="r1l3" custom="readingOrder {index:1;}">
                <Coords points="114,297 1665,300 1665,259 114,253"/>
                <Baseline points="123,282 199,283 276,283 352,284 429,285 506,285 582,286 659,286 735,287 812,287 889,287 965,288 1042,288 1118,288 1195,289 1272,289 1348,289 1425,290 1501,290 1578,290 1655,291"/>
                <TextEquiv>
                    <Unicode>Härte, wie man etwa ein Gemälde oder eine Statue, kunstreich ausgeführt, aber mit einem kleinen Makel</Unicode>
                </TextEquiv>
            </TextLine>
            <TextLine id="r1l4" custom="readingOrder {index:2;} work_music {offset:75; length:8;ID:W0041;}">
                <Coords points="118,342 1591,356 1666,347 1667,303 118,295"/>
                <Baseline points="127,327 203,328 279,328 356,328 432,328 509,329 585,329 662,329 738,330 815,330 891,331 967,331 1044,332 1120,332 1197,332 1273,333 1350,333 1426,333 1503,334 1579,334 1656,334"/>
                <TextEquiv>
                    <Unicode>behaftet, mit in den Kauf nimmt — weil man sich an dem sonst wunderschönen Quartett dennoch ergötzen</Unicode>
                </TextEquiv>
            </TextLine>
            <TextLine id="r1l5" custom="readingOrder {index:3;} work_music {offset:24; length:8;ID:W0041;}">
                <Coords points="111,380 951,388 951,342 920,337 111,342"/>
                <Baseline points="121,371 162,371 203,371 244,371 285,372 326,372 367,372 408,373 449,373 490,373 531,374 572,374 613,374 654,375 695,375 736,375 777,375 818,375 859,375 900,376 941,376"/>
                <TextEquiv>
                    <Unicode>und dabei aber auch das Original unverändert lassen will.</Unicode>
                </TextEquiv>
            </TextLine>
            <TextEquiv>
                <Unicode>sieht, resp. überhört man denselben allerdings jetzt, gewöhnt sich nach und nach nothgedrungen an diese
Härte, wie man etwa ein Gemälde oder eine Statue, kunstreich ausgeführt, aber mit einem kleinen Makel
behaftet, mit in den Kauf nimmt — weil man sich an dem sonst wunderschönen Quartett dennoch ergötzen
und dabei aber auch das Original unverändert lassen will.</Unicode>
            </TextEquiv>
        </TextRegion>
        <TextRegion orientation="0.0" type="paragraph" id="TextRegion_1614710251046_1043" custom="readingOrder {index:2;} structure {type:paragraph;}">
            <Coords points="119,385 1664,385 1664,1125 119,1125"/>
            <TextLine id="r1l6" custom="readingOrder {index:0;}">
                <Coords points="216,425 1666,432 1666,384 216,384"/>
                <Baseline points="226,417 297,417 369,417 440,417 512,418 583,418 655,418 726,419 798,419 869,419 941,420 1012,420 1084,421 1155,421 1227,421 1298,422 1370,422 1441,422 1513,423 1584,423 1656,423"/>
                <TextEquiv>
                    <Unicode>Auch sind wir ferner der Meinung, so lange man uns keine bessere Ueberzeugung beibringt, daß</Unicode>
                </TextEquiv>
            </TextLine>
            <TextLine id="r1l7" custom="readingOrder {index:1;} person_composer {offset:0; length:8;ID:P0015;} textStyle {offset:0; length:6;fontSize:0.0; kerning:0; letterSpaced:true;} concept_mus {offset:25; length:5;} concept_mus {offset:82; length:14; continued:true;}">
                <Coords points="117,474 1666,475 1666,433 118,424"/>
                <Baseline points="127,460 203,461 279,461 356,462 432,463 509,463 585,463 662,464 738,464 815,464 891,465 967,465 1044,465 1120,465 1197,466 1273,466 1350,466 1426,466 1503,467 1579,467 1656,467"/>
                <TextEquiv>
                    <Unicode>Mozart's Genius wohl dem Thema seine Existenz gegeben haben mag, daß aber bei der imitatorischen</Unicode>
                </TextEquiv>
            </TextLine>
            <TextLine id="r1l8" custom="readingOrder {index:2;} concept_mus {offset:0; length:12; continued:true;} concept_mus {offset:67; length:11;}">
                <Coords points="110,517 1666,523 1666,483 1549,473 110,474"/>
                <Baseline points="120,505 196,505 273,506 350,506 427,507 504,507 581,507 657,508 734,508 811,508 888,509 965,509 1042,509 1119,509 1195,510 1272,510 1349,510 1426,511 1503,511 1580,511 1657,512"/>
                <TextEquiv>
                    <Unicode>Ausarbeitung desselben weniger die feinste Saite des unsterblichen Tonmeisters innere Harfe in Vibration</Unicode>
                </TextEquiv>
            </TextLine>
            <TextLine id="r1l9" custom="readingOrder {index:3;} textStyle {offset:64; length:28;fontSize:0.0; kerning:0; letterSpaced:true;}">
                <Coords points="113,563 1666,564 1666,523 113,521"/>
                <Baseline points="123,549 199,550 276,550 353,550 429,551 506,551 583,552 659,552 736,552 813,552 890,553 966,553 1043,553 1120,554 1196,554 1273,554 1350,555 1426,555 1503,555 1580,556 1657,556"/>
                <TextEquiv>
                    <Unicode>gewesen, als daß ihn vielmehr vorwiegend die Intension leitete, die unverkennbare Nachahmung mit</Unicode>
                </TextEquiv>
            </TextLine>
            <TextLine id="r1l10" custom="readingOrder {index:4;} concept_mus {offset:40; length:7;} concept_mus {offset:52; length:15;} textStyle {offset:68; length:27;fontSize:0.0; kerning:0; letterSpaced:true;}">
                <Coords points="109,605 1669,608 1500,561 109,563"/>
                <Baseline points="119,594 196,594 273,594 350,594 427,595 504,595 581,595 658,596 735,596 812,597 889,597 966,597 1043,598 1120,598 1197,599 1274,599 1351,599 1428,599 1505,599 1582,600 1659,600"/>
                <TextEquiv>
                    <Unicode>Rücksicht der dem Modell entsprechenden Accord- und Tonarten-Folgen in möglichst schulgerechter</Unicode>
                </TextEquiv>
            </TextLine>
            <TextLine id="r1l11" custom="readingOrder {index:5;} textStyle {offset:0; length:17;fontSize:0.0; kerning:0; letterSpaced:true;} m_note {offset:23; length:4;} textStyle {offset:28; length:1;italic:true; fontSize:0.0; kerning:0;} m_note {offset:28; length:1;} concept_mus {offset:37; length:11;} concept_mus {offset:82; length:15;}">
                <Coords points="111,661 1664,651 1585,610 111,607"/>
                <Baseline points="121,638 197,639 274,639 351,640 427,640 504,641 581,641 657,641 734,641 811,642 888,642 964,642 1041,642 1118,642 1194,643 1271,643 1348,643 1424,643 1501,644 1578,644 1655,645"/>
                <TextEquiv>
                    <Unicode>Form darzustellen. Dem Tone g in der Violastimme gegenüber und wegen der weiteren modulatorischen</Unicode>
                </TextEquiv>
            </TextLine>
            <TextLine id="r1l12" custom="readingOrder {index:6;} concept_mus {offset:0; length:5;} person_composer {offset:13; length:6;ID:P0015;} concept_mus {offset:38; length:10;} m_note {offset:55; length:4;} textStyle {offset:55; length:2;italic:true; fontSize:0.0; kerning:0;}">
                <Coords points="109,717 1511,724 1660,711 1660,659 109,665"/>
                <Baseline points="119,698 195,699 272,699 348,699 425,699 502,699 578,699 655,700 731,700 808,700 885,701 961,701 1038,701 1114,702 1191,702 1268,702 1344,703 1421,703 1497,703 1574,704 1651,704"/>
                <TextEquiv>
                    <Unicode>Folge konnte Mozart beim Eintritt der Oberstimme nicht as}} schreiben, sondern mußte statt dessen den er¬</Unicode>
                </TextEquiv>
            </TextLine>
            <TextLine id="r1l13" custom="readingOrder {index:7;} m_note {offset:8; length:3;} m_note {offset:12; length:4;} textStyle {offset:13; length:1;italic:true; fontSize:0.0; kerning:0;} concept_mus {offset:49; length:13;} concept_mus {offset:63; length:13;}">
                <Coords points="111,771 1586,780 1665,773 1666,732 111,721"/>
                <Baseline points="121,756 197,757 274,758 351,758 428,759 504,759 581,759 658,760 735,760 811,760 888,760 965,760 1042,760 1118,761 1195,761 1272,761 1349,761 1425,762 1502,762 1579,763 1656,763"/>
                <TextEquiv>
                    <Unicode>höheten Ton ♮a}} wählen. Nun standen ihm für die imitatorische Tongestaltung zwei nicht zu vereinigende</Unicode>
                </TextEquiv>
            </TextLine>
            <TextLine id="r1l14" custom="readingOrder {index:8;} concept_mus {offset:0; length:11;} textStyle {offset:42; length:5;fontSize:0.0; kerning:0; letterSpaced:true;} concept_mus {offset:48; length:12;} textStyle {offset:72; length:7;fontSize:0.0; kerning:0; letterSpaced:true;}">
                <Coords points="109,813 1660,822 1660,775 1554,771 110,769"/>
                <Baseline points="119,800 195,800 272,801 348,801 425,802 502,802 578,803 655,803 731,803 808,803 885,804 961,804 1038,804 1114,805 1191,805 1268,806 1344,806 1421,807 1497,807 1574,808 1651,809"/>
                <TextEquiv>
                    <Unicode>Formationen zu Gebote, entweder hatte die erste Violinstimme gleich der zweiten consequent je nach einem</Unicode>
                </TextEquiv>
            </TextLine>
            <TextLine id="r1l15" custom="readingOrder {index:9;} concept_mus {offset:0; length:9;} concept_mus {offset:38; length:9;} textStyle {offset:52; length:6;fontSize:0.0; kerning:0; letterSpaced:true;} m_note {offset:59; length:5;} concept_mus {offset:75; length:6;} concept_mus {offset:86; length:5;}">
                <Coords points="112,858 1661,861 1592,819 113,815"/>
                <Baseline points="123,846 199,846 275,846 352,847 428,847 505,847 581,847 657,847 734,848 810,848 887,848 963,848 1039,849 1116,849 1192,849 1269,850 1345,850 1421,850 1498,851 1574,851 1651,852"/>
                <TextEquiv>
                    <Unicode>Tacttheil einzutreten, wobei aber der Zeitwerth des ersten Tones gegen die Stimme der Viola und der</Unicode>
                </TextEquiv>
            </TextLine>
            <TextLine id="r1l16" custom="readingOrder {index:10;} concept_mus {offset:8; length:7;} textStyle {offset:19; length:5;fontSize:0.0; kerning:0; letterSpaced:true;} concept_mus {offset:25; length:9;} m_note {offset:53; length:11;} concept_mus {offset:91; length:9;}">
                <Coords points="114,904 1663,903 1543,860 114,865"/>
                <Baseline points="123,890 199,890 276,890 352,890 429,891 505,891 582,891 658,892 735,892 811,892 888,893 964,893 1041,893 1117,894 1194,894 1270,894 1347,895 1423,895 1500,895 1576,895 1653,896"/>
                <TextEquiv>
                    <Unicode>zweiten Violine um einen Tacttheil (nämlich zu einer $$MATH-Note) auszudehnen war, und der Querstand ent¬</Unicode>
                </TextEquiv>
            </TextLine>
            <TextLine id="line_1614710327639_1084" custom="readingOrder {index:11;} concept_mus {offset:72; length:10;}">
                <Coords points="124,946 1627,953 1662,905 124,898"/>
                <Baseline points="133,934 170,934 207,935 244,935 281,935 318,936 355,936 393,936 430,936 467,936 504,936 541,936 578,936 615,936 653,936 690,936 727,935 764,935 801,935 838,935 876,935 890,935 928,936 966,936 1004,936 1042,937 1080,937 1118,937 1156,937 1194,938 1232,938 1270,938 1308,938 1346,939 1384,939 1422,939 1460,939 1498,939 1536,939 1574,939 1612,939 1651,939"/>
                <TextEquiv>
                    <Unicode>stehen mußte, wie oben in Fig. II ausgeführt ist, — oder es war für die Oberstimme die Consequenz dieses</Unicode>
                </TextEquiv>
            </TextLine>
            <TextLine id="r1l19" custom="readingOrder {index:12;} concept_mus {offset:61; length:10;}">
                <Coords points="118,989 1533,1004 1662,996 1663,950 118,948"/>
                <Baseline points="127,978 203,978 279,979 355,979 432,979 508,980 584,980 661,980 737,981 813,981 890,981 966,982 1042,982 1118,982 1195,982 1271,982 1347,983 1424,983 1500,983 1576,984 1653,984"/>
                <TextEquiv>
                    <Unicode>Eintritts aufzugeben und die Nachahmung erst mit dem letzten Tacttheile beginnen zu lassen, in welchem Falle</Unicode>
                </TextEquiv>
            </TextLine>
            <TextLine id="r1l20" custom="readingOrder {index:13;} m_note {offset:15; length:3;} concept_mus {offset:28; length:9;} concept_mus {offset:98; length:10; continued:true;}">
                <Coords points="112,1035 1661,1036 1628,993 112,994"/>
                <Baseline points="122,1023 198,1023 274,1024 351,1024 427,1024 504,1024 580,1024 657,1024 733,1025 810,1025 886,1025 962,1025 1039,1026 1115,1026 1192,1026 1268,1027 1345,1027 1421,1027 1498,1027 1574,1028 1651,1028"/>
                <TextEquiv>
                    <Unicode>dann der erste Ton dieselbe Zeitlänge erhalten hätte, wie im Modell, abgesehen davon, daß auch in metrischer</Unicode>
                </TextEquiv>
            </TextLine>
            <TextLine id="r1l21" custom="readingOrder {index:14;} concept_mus {offset:0; length:8; continued:true;} concept_mus {offset:13; length:10;} concept_mus {offset:58; length:8;} concept_mus {offset:79; length:11;}">
                <Coords points="113,1077 1666,1084 1666,1037 113,1037"/>
                <Baseline points="123,1066 199,1067 276,1067 352,1068 429,1068 506,1069 582,1069 659,1069 736,1070 812,1070 889,1070 966,1071 1042,1071 1119,1071 1196,1071 1272,1072 1349,1072 1426,1072 1502,1072 1579,1073 1656,1073"/>
                <TextEquiv>
                    <Unicode>Hinsicht die Oberstimme auf der leichtesten (der dritten) Tactzeit, gleich der Violastimme, aufgetreten und der</Unicode>
                </TextEquiv>
            </TextLine>
            <TextLine id="r1l22" custom="readingOrder {index:15;} concept_mus {offset:0; length:9;}">
                <Coords points="113,1123 627,1125 627,1088 585,1082 113,1077"/>
                <Baseline points="123,1112 149,1112 175,1112 201,1112 227,1112 253,1112 279,1112 305,1112 331,1112 357,1112 383,1112 409,1112 435,1112 461,1112 487,1112 513,1113 539,1113 565,1113 591,1113 617,1114"/>
                <TextEquiv>
                    <Unicode>Querstand vermieden worden wäre:</Unicode>
                </TextEquiv>
            </TextLine>
            <TextEquiv>
                <Unicode>Auch sind wir ferner der Meinung, so lange man uns keine bessere Ueberzeugung beibringt, daß&#13;
Mozart's Genius wohl dem Thema seine Existenz gegeben haben mag, daß aber bei der imitatorischen&#13;
Ausarbeitung desselben weniger die feinste Saite des unsterblichen Tonmeisters innere Harfe in Vibration&#13;
gewesen, als daß ihn vielmehr vorwiegend die Intension leitete, die unverkennbare Nachahmung mit&#13;
Rücksicht der dem Modell entsprechenden Accord- und Tonarten-Folgen in möglichst schulgerechter&#13;
Form darzustellen. Dem Tone g in der Violastimme gegenüber und wegen der weiteren modulatorischen&#13;
Folge konnte Mozart beim Eintritt der Oberstimme nicht as}} schreiben, sondern mußte statt dessen den er¬&#13;
höheten Ton ♮a}} wählen. Nun standen ihm für die imitatorische Tongestaltung zwei nicht zu vereinigende&#13;
Formationen zu Gebote, entweder hatte die erste Violinstimme gleich der zweiten consequent je nach einem&#13;
Tacttheil einzutreten, wobei aber der Zeitwerth des ersten Tones gegen die Stimme der Viola und der&#13;
zweiten Violine um einen Tacttheil (nämlich zu einer $$MATH-Note) auszudehnen war, und der Querstand ent¬&#13;
stehen mußte, wie oben in Fig. II ausgeführt ist, — oder es war für die Oberstimme die Consequenz dieses&#13;
Eintritts aufzugeben und die Nachahmung erst mit dem letzten Tacttheile beginnen zu lassen, in welchem Falle&#13;
dann der erste Ton dieselbe Zeitlänge erhalten hätte, wie im Modell, abgesehen davon, daß auch in metrischer&#13;
Hinsicht die Oberstimme auf der leichtesten (der dritten) Tactzeit, gleich der Violastimme, aufgetreten und der&#13;
Querstand vermieden worden wäre:</Unicode>
            </TextEquiv>
        </TextRegion>
        <MusicRegion id="Music_1614710294708_1057" custom="readingOrder {index:3;} structure {type:floating;}">
            <Coords points="119,1125 1664,1125 1664,1507 119,1507"/>
        </MusicRegion>
        <TextRegion orientation="0.0" type="paragraph" id="TextRegion_1614710233106_1035" custom="readingOrder {index:4;} structure {type:paragraph;}">
            <Coords points="119,1507 1664,1507 1664,1689 119,1689"/>
            <TextLine id="r1l39" custom="readingOrder {index:0;} person_composer {offset:0; length:6;ID:P0015;} textStyle {offset:86; length:7;fontSize:0.0; kerning:0; letterSpaced:true;}">
                <Coords points="211,1555 1525,1563 1668,1555 1668,1505 211,1507"/>
                <Baseline points="221,1542 292,1542 364,1542 436,1543 508,1543 580,1543 652,1544 723,1544 795,1544 867,1545 939,1545 1011,1545 1083,1545 1155,1545 1226,1545 1298,1545 1370,1545 1442,1545 1514,1544 1586,1543 1658,1543"/>
                <TextEquiv>
                    <Unicode>Mozart wählte von beiden Gestaltungen zum Bedauern seiner aufrichtigsten Verehrer die erstere und</Unicode>
                </TextEquiv>
            </TextLine>
            <TextLine id="r1l40" custom="readingOrder {index:1;}">
                <Coords points="113,1601 1662,1598 1639,1555 113,1555"/>
                <Baseline points="122,1585 198,1585 275,1586 351,1587 428,1588 504,1588 581,1589 657,1589 734,1589 810,1589 887,1590 963,1590 1040,1590 1116,1590 1193,1590 1269,1590 1346,1590 1422,1590 1499,1590 1575,1589 1652,1589"/>
                <TextEquiv>
                    <Unicode>hatte sich hierdurch vielseitiger (und nicht überall von „einseitigen befangenen Kritikern” ausgehender) scharfer</Unicode>
                </TextEquiv>
            </TextLine>
            <TextLine id="r1l41" custom="readingOrder {index:2;} concept_mus {offset:35; length:12;} concept_mus {offset:87; length:11;}">
                <Coords points="117,1643 1658,1644 1616,1603 117,1601"/>
                <Baseline points="127,1628 203,1629 279,1630 355,1631 431,1631 507,1632 583,1632 659,1633 735,1633 811,1633 888,1634 964,1634 1040,1634 1116,1634 1192,1634 1268,1634 1344,1634 1420,1633 1496,1633 1572,1633 1649,1632"/>
                <TextEquiv>
                    <Unicode>Beurtheilungen ausgesetzt. Von den Theoretikern wurden dann später zur Beseitigung des Querstandes ver¬</Unicode>
                </TextEquiv>
            </TextLine>
            <TextLine id="r1l42" custom="readingOrder {index:3;}">
                <Coords points="114,1692 1212,1693 1224,1645 114,1643"/>
                <Baseline points="123,1674 177,1674 232,1674 286,1675 341,1675 395,1676 450,1676 504,1676 559,1677 613,1677 668,1677 722,1677 777,1678 831,1678 886,1678 940,1678 995,1678 1049,1677 1104,1677 1158,1677 1213,1676"/>
                <TextEquiv>
                    <Unicode>schiedene Verbesserungen, worunter auch das Beispiel Fig. IV vorgeschlagen *).</Unicode>
                </TextEquiv>
            </TextLine>
            <TextEquiv>
                <Unicode>Mozart wählte von beiden Gestaltungen zum Bedauern seiner aufrichtigsten Verehrer die erstere und&#13;
hatte sich hierdurch vielseitiger (und nicht überall von „einseitigen befangenen Kritikern” ausgehender) scharfer&#13;
Beurtheilungen ausgesetzt. Von den Theoretikern wurden dann später zur Beseitigung des Querstandes ver¬&#13;
schiedene Verbesserungen, worunter auch das Beispiel Fig. IV vorgeschlagen *).</Unicode>
            </TextEquiv>
        </TextRegion>
        <TextRegion orientation="0.0" id="TextRegion_1614710229859_1031" custom="readingOrder {index:5;} structure {type:paragraph-continued;}">
            <Coords points="119,1689 1664,1689 1664,2369 119,2369"/>
            <TextLine id="r1l43" custom="readingOrder {index:0;} person_author {offset:13; length:9;ID:P0041;}">
                <Coords points="210,1732 1666,1732 1618,1689 210,1682"/>
                <Baseline points="219,1716 290,1717 362,1718 434,1718 506,1719 578,1719 650,1720 722,1720 794,1720 866,1721 938,1721 1009,1721 1081,1721 1153,1721 1225,1721 1297,1721 1369,1721 1441,1721 1513,1720 1585,1720 1657,1719"/>
                <TextEquiv>
                    <Unicode>Wenn endlich Weitzmann mit seiner Ansicht (— denn ein selbstständiges Urtheil ist ja seine Aussage</Unicode>
                </TextEquiv>
            </TextLine>
            <TextLine id="r1l44" custom="readingOrder {index:1;} person_composer {offset:40; length:6;ID:P0015;}">
                <Coords points="112,1771 1616,1779 1671,1737 112,1732"/>
                <Baseline points="122,1757 198,1758 275,1759 352,1760 429,1761 506,1762 583,1763 660,1763 737,1764 814,1764 891,1765 967,1765 1044,1765 1121,1765 1198,1765 1275,1765 1352,1765 1429,1765 1506,1764 1583,1764 1660,1763"/>
                <TextEquiv>
                    <Unicode>nicht —) sich hinter den „feinfühlenden Mozart” verstecken will, so kann man nach seinem ganzen Gebahren</Unicode>
                </TextEquiv>
            </TextLine>
            <TextLine id="r1l45" custom="readingOrder {index:2;} work_text {offset:4; length:14;ID:W0039;} work_text {offset:35; length:10;ID:W0037;} person_composer {offset:81; length:8;ID:P0015;} textStyle {offset:93; length:5;fontSize:0.0; kerning:0; letterSpaced:true;} person_composer {offset:93; length:5;ID:P0046;}">
                <Coords points="112,1811 1668,1818 1668,1778 1555,1773 112,1771"/>
                <Baseline points="121,1803 197,1804 274,1804 351,1805 428,1806 505,1806 582,1807 658,1807 735,1808 812,1808 889,1808 966,1809 1043,1809 1120,1809 1196,1809 1273,1809 1350,1809 1427,1809 1504,1808 1581,1808 1658,1807"/>
                <TextEquiv>
                    <Unicode>im „Harmoniesystem” und in diesem „Streit 2c.”, insbesondere durch sein Rangiren Mozart's zu Liszt und</Unicode>
                </TextEquiv>
            </TextLine>
            <TextLine id="r1l46" custom="readingOrder {index:3;} textStyle {offset:0; length:6;fontSize:0.0; kerning:0; letterSpaced:true;} person_composer {offset:0; length:6;ID:P0045;}">
                <Coords points="110,1861 1666,1858 1618,1820 110,1813"/>
                <Baseline points="119,1845 195,1846 272,1847 349,1848 426,1849 503,1850 580,1851 657,1851 734,1852 811,1852 888,1852 964,1852 1041,1853 1118,1853 1195,1852 1272,1852 1349,1852 1426,1851 1503,1851 1580,1851 1657,1850"/>
                <TextEquiv>
                    <Unicode>Wagner (wie unten, Seite 58, dieses Nachtrags zu sehen) den Grund für diese Aeußerung in einer</Unicode>
                </TextEquiv>
            </TextLine>
            <TextLine id="r1l47" custom="readingOrder {index:4;} concept_mus {offset:25; length:10;} textStyle {offset:64; length:5;fontSize:0.0; kerning:0; letterSpaced:true;} person_composer {offset:64; length:5;ID:P0008;} concept_mus {offset:81; length:9;}">
                <Coords points="109,1907 1669,1900 1600,1859 109,1859"/>
                <Baseline points="119,1890 196,1891 273,1892 350,1893 427,1893 504,1894 581,1894 658,1895 735,1895 812,1895 889,1896 966,1896 1043,1896 1120,1896 1197,1896 1274,1896 1351,1896 1428,1895 1505,1895 1582,1895 1659,1894"/>
                <TextEquiv>
                    <Unicode>Pietät zu dem genialsten Tondichter nicht suchen, wie z. B. bei Haydn, dem diese Quartette gewidmet</Unicode>
                </TextEquiv>
            </TextLine>
            <TextLine id="r1l48" custom="readingOrder {index:5;} person_composer {offset:55; length:8;ID:P0015;}">
                <Coords points="113,1948 1666,1955 1621,1907 113,1907"/>
                <Baseline points="122,1933 198,1934 275,1935 352,1936 429,1936 505,1937 582,1937 659,1938 736,1938 812,1938 889,1938 966,1939 1043,1939 1119,1939 1196,1939 1273,1938 1350,1938 1426,1938 1503,1938 1580,1937 1657,1937"/>
                <TextEquiv>
                    <Unicode>waren und welcher aus lauter Begeisterung für die Muse Mozart's immer ausweichend sich ausgesprochen,</Unicode>
                </TextEquiv>
            </TextLine>
            <TextLine id="r1l49" custom="readingOrder {index:6;} person_composer {offset:55; length:15;ID:P0015;}">
                <Coords points="112,1988 1665,1988 1642,1948 112,1950"/>
                <Baseline points="121,1976 197,1977 274,1978 351,1979 427,1979 504,1980 581,1981 657,1981 734,1981 811,1981 888,1982 964,1982 1041,1982 1118,1982 1194,1982 1271,1982 1348,1982 1424,1981 1501,1981 1578,1981 1655,1981"/>
                <TextEquiv>
                    <Unicode>wenn man ihn um ein Urtheil über Anstößigkeiten in des großen Meisters Erzeugnissen gebeten, etwa wie</Unicode>
                </TextEquiv>
            </TextLine>
            <TextLine id="r1l50" custom="readingOrder {index:7;}">
                <Coords points="114,2036 1672,2037 1607,1994 114,1994"/>
                <Baseline points="123,2020 200,2021 277,2021 354,2022 431,2022 508,2023 585,2023 662,2024 739,2024 816,2024 893,2025 970,2025 1047,2025 1124,2025 1201,2025 1278,2025 1355,2025 1432,2025 1509,2025 1586,2024 1663,2024"/>
                <TextEquiv>
                    <Unicode>man von muthwilligen Streichen eines sonst liebenswürdigen Knaben keine oder nur ungern Notiz nehmen</Unicode>
                </TextEquiv>
            </TextLine>
            <TextLine id="r1l51" custom="readingOrder {index:8;} concept_mus {offset:25; length:12;}">
                <Coords points="117,2075 1666,2076 1608,2034 117,2040"/>
                <Baseline points="126,2064 202,2065 279,2066 355,2067 432,2068 508,2068 585,2069 661,2069 738,2070 814,2070 891,2070 968,2070 1044,2070 1121,2070 1197,2070 1274,2070 1350,2069 1427,2069 1503,2069 1580,2068 1657,2068"/>
                <TextEquiv>
                    <Unicode>will. Damit ist aber der Musiktheorie nicht gedient. Dieselbe kann ihre Kunstgesetze, die wie gesagt, mit der</Unicode>
                </TextEquiv>
            </TextLine>
            <TextLine id="r1l52" custom="readingOrder {index:9;}">
                <Coords points="111,2123 1664,2130 1628,2082 112,2077"/>
                <Baseline points="121,2108 197,2109 274,2110 351,2111 427,2112 504,2113 581,2113 657,2114 734,2114 811,2114 888,2114 964,2114 1041,2114 1118,2114 1194,2114 1271,2114 1348,2113 1424,2113 1501,2113 1578,2112 1655,2112"/>
                <TextEquiv>
                    <Unicode>Menschennatur nicht im Widerspruche stehen dürfen, sowie ihre auf diesen Gesetzen beruhenden Lehrsätze,</Unicode>
                </TextEquiv>
            </TextLine>
            <TextLine id="r1l53" custom="readingOrder {index:10;}">
                <Coords points="111,2164 1672,2164 1622,2124 111,2123"/>
                <Baseline points="121,2152 198,2153 275,2154 352,2155 429,2156 506,2157 583,2157 660,2158 737,2158 814,2159 891,2159 968,2159 1045,2159 1122,2159 1199,2159 1276,2159 1353,2158 1430,2158 1507,2158 1584,2157 1661,2157"/>
                <TextEquiv>
                    <Unicode>Regeln und Vorschriften nicht auf dem Boden der Nachsicht, Pietät und Courtoisie pflanzen wollen, um das</Unicode>
                </TextEquiv>
            </TextLine>
            <TextLine id="r1l54" custom="readingOrder {index:11;} textStyle {offset:92; length:6;fontSize:0.0; kerning:0; letterSpaced:true;}">
                <Coords points="120,2212 1669,2204 120,2163"/>
                <Baseline points="129,2197 205,2198 282,2198 358,2199 435,2200 511,2201 588,2201 664,2202 741,2202 817,2203 894,2203 970,2204 1047,2204 1123,2204 1200,2204 1276,2203 1353,2203 1429,2202 1506,2201 1582,2200 1659,2199"/>
                <TextEquiv>
                    <Unicode>Gelüst der Erhebung einzelner Individuen — und wären es auch „geweihte Künstler” — über das Allge¬</Unicode>
                </TextEquiv>
            </TextLine>
            <TextLine id="r1l55" custom="readingOrder {index:12;} textStyle {offset:0; length:27;fontSize:0.0; kerning:0; letterSpaced:true;}">
                <Coords points="113,2250 1671,2258 1631,2210 113,2218"/>
                <Baseline points="122,2241 203,2242 284,2243 365,2243 446,2244 527,2245 608,2245 689,2246 770,2247 851,2247 932,2248 1013,2248 1094,2248 1175,2248 1256,2248 1337,2248 1418,2248 1499,2247 1580,2247 1661,2246"/>
                <TextEquiv>
                    <Unicode>mein-Menschlich-Gesetzliche zu rechtfertigen, oder doch mindestens in Schutz nehmen zu wollen. Solcher</Unicode>
                </TextEquiv>
            </TextLine>
            <TextLine id="r1l56" custom="readingOrder {index:13;}">
                <Coords points="114,2304 1667,2299 1667,2257 114,2256"/>
                <Baseline points="124,2288 200,2288 277,2288 354,2289 430,2290 507,2290 584,2291 660,2291 737,2292 814,2293 891,2293 967,2293 1044,2294 1121,2294 1197,2294 1274,2294 1351,2293 1427,2293 1504,2292 1581,2291 1658,2290"/>
                <TextEquiv>
                    <Unicode>Weg, consequent verfolgt, führt schnurstracks zur Corruption der Kunst. Es bedarf daher auch wohl nicht</Unicode>
                </TextEquiv>
            </TextLine>
            <TextEquiv>
                <Unicode>Wenn endlich Weitzmann mit seiner Ansicht (— denn ein selbstständiges Urtheil ist ja seine Aussage&#13;
nicht —) sich hinter den „feinfühlenden Mozart” verstecken will, so kann man nach seinem ganzen Gebahren&#13;
im „Harmoniesystem” und in diesem „Streit 2c.”, insbesondere durch sein Rangiren Mozart's zu Liszt und&#13;
Wagner (wie unten, Seite 58, dieses Nachtrags zu sehen) den Grund für diese Aeußerung in einer&#13;
Pietät zu dem genialsten Tondichter nicht suchen, wie z. B. bei Haydn, dem diese Quartette gewidmet&#13;
waren und welcher aus lauter Begeisterung für die Muse Mozart's immer ausweichend sich ausgesprochen,&#13;
wenn man ihn um ein Urtheil über Anstößigkeiten in des großen Meisters Erzeugnissen gebeten, etwa wie&#13;
man von muthwilligen Streichen eines sonst liebenswürdigen Knaben keine oder nur ungern Notiz nehmen&#13;
will. Damit ist aber der Musiktheorie nicht gedient. Dieselbe kann ihre Kunstgesetze, die wie gesagt, mit der&#13;
Menschennatur nicht im Widerspruche stehen dürfen, sowie ihre auf diesen Gesetzen beruhenden Lehrsätze,&#13;
Regeln und Vorschriften nicht auf dem Boden der Nachsicht, Pietät und Courtoisie pflanzen wollen, um das&#13;
Gelüst der Erhebung einzelner Individuen — und wären es auch „geweihte Künstler” — über das Allge¬&#13;
mein-Menschlich-Gesetzliche zu rechtfertigen, oder doch mindestens in Schutz nehmen zu wollen. Solcher&#13;
Weg, consequent verfolgt, führt schnurstracks zur Corruption der Kunst. Es bedarf daher auch wohl nicht</Unicode>
            </TextEquiv>
        </TextRegion>
        <TextRegion orientation="0.0" type="footnote" id="TextRegion_1614710197173_1027" custom="readingOrder {index:6;} structure {type:footnote;}">
            <Coords points="119,2369 1664,2369 1664,2760 119,2760"/>
            <TextLine id="line_1614710349410_1132" custom="readingOrder {index:0;} person_author {offset:6; length:10;ID:P0014;} textStyle {offset:9; length:5;fontSize:0.0; kerning:0; letterSpaced:true;} work_text {offset:64; length:10;ID:W0042;}">
                <Coords points="210,2434 1674,2436 1674,2392 210,2391"/>
                <Baseline points="219,2416 254,2421 276,2424 345,2425 414,2426 484,2426 553,2427 623,2428 692,2428 761,2429 831,2429 900,2429 970,2430 1039,2430 1108,2430 1178,2430 1247,2430 1317,2429 1386,2429 1455,2429 1525,2428 1594,2427 1664,2426"/>
                <TextEquiv>
                    <Unicode>*) In G. Weber's, bereits in der letzten Anmerkung bezeichneten Abhandlung, die eine äußerst</Unicode>
                </TextEquiv>
            </TextLine>
            <TextLine id="line_1614710356599_1140" custom="readingOrder {index:1;}">
                <Coords points="263,2472 1573,2478 1667,2469 1667,2436 263,2437"/>
                <Baseline points="273,2460 322,2461 371,2461 421,2462 470,2462 520,2463 569,2463 618,2464 668,2464 717,2464 767,2464 816,2465 866,2465 915,2465 964,2465 1014,2465 1063,2465 1113,2465 1162,2465 1212,2465 1227,2465 1252,2465 1277,2465 1303,2465 1328,2465 1353,2465 1379,2465 1404,2465 1429,2465 1455,2464 1480,2464 1505,2464 1531,2464 1556,2464 1581,2463 1607,2463 1632,2463 1658,2464"/>
                <TextEquiv>
                    <Unicode>gründlich abgefaßte, allseitig eingehende, interessante und lehrreiche Arbeit ist, woraus insbesondere</Unicode>
                </TextEquiv>
            </TextLine>
            <TextLine id="r1l61" custom="readingOrder {index:2;} person_author {offset:0; length:9;ID:P0041;}">
                <Coords points="264,2503 1672,2511 1672,2469 264,2465"/>
                <Baseline points="273,2494 342,2495 412,2496 481,2497 551,2498 620,2499 690,2500 759,2500 829,2500 898,2501 968,2501 1037,2501 1107,2501 1176,2501 1246,2501 1315,2501 1385,2500 1454,2500 1524,2500 1593,2499 1663,2499"/>
                <TextEquiv>
                    <Unicode>Weitzmann hätte lernen können, wie kunstwissenschaftliche Dinge zu erklären sind, wenn man sich</Unicode>
                </TextEquiv>
            </TextLine>
            <TextLine id="r1l62" custom="readingOrder {index:3;} textStyle {offset:16; length:17;fontSize:0.0; kerning:0; letterSpaced:true;}">
                <Coords points="263,2540 1674,2549 1675,2511 263,2503"/>
                <Baseline points="272,2530 341,2531 411,2532 480,2533 550,2534 620,2534 689,2535 759,2535 828,2536 898,2536 968,2537 1037,2537 1107,2537 1176,2537 1246,2537 1316,2537 1385,2536 1455,2536 1524,2535 1594,2534 1664,2533"/>
                <TextEquiv>
                    <Unicode>den Vorwurf der Oberflächlichkeit fern halten will, sind auf Seite 216 des 3. Bandes seiner</Unicode>
                </TextEquiv>
            </TextLine>
            <TextLine id="r1l63" custom="readingOrder {index:4;} work_text {offset:1; length:11;ID:W0042;} concept_mus {offset:71; length:11;}">
                <Coords points="262,2582 1664,2584 1651,2539 262,2540"/>
                <Baseline points="271,2565 340,2566 409,2567 478,2568 547,2569 617,2570 686,2571 755,2572 824,2572 893,2573 963,2573 1032,2573 1101,2573 1170,2573 1239,2573 1309,2573 1378,2572 1447,2572 1516,2571 1585,2571 1655,2570"/>
                <TextEquiv>
                    <Unicode>„Theorie 2c.” sechs solcher Varianten (die jedoch zum Theile nicht als Imitationen gelten können),</Unicode>
                </TextEquiv>
            </TextLine>
            <TextLine id="r1l64" custom="readingOrder {index:5;} textStyle {offset:18; length:5;fontSize:0.0; kerning:0; letterSpaced:true;} work_text {offset:86; length:3; continued:true;ID:W0042;}">
                <Coords points="264,2609 1674,2612 1543,2571 264,2578"/>
                <Baseline points="273,2603 342,2603 412,2604 481,2604 551,2605 620,2605 690,2606 759,2606 829,2607 898,2607 968,2608 1038,2608 1107,2608 1177,2608 1246,2608 1316,2608 1385,2608 1455,2607 1524,2606 1594,2605 1664,2604"/>
                <TextEquiv>
                    <Unicode>unter welchen die erste derselben mit Fig. IV genau übereinstimmt. Am Schlusse dieser Ab¬</Unicode>
                </TextEquiv>
            </TextLine>
            <TextLine id="r1l65" custom="readingOrder {index:6;} work_text {offset:0; length:8; continued:true;ID:W0042;} person_author {offset:14; length:5;ID:P0014;}">
                <Coords points="262,2646 1618,2653 1661,2617 262,2609"/>
                <Baseline points="271,2638 340,2638 409,2639 478,2639 547,2640 616,2640 685,2641 754,2641 823,2642 892,2642 961,2643 1030,2643 1099,2643 1168,2644 1237,2644 1306,2643 1375,2643 1444,2642 1513,2642 1582,2641 1651,2639"/>
                <TextEquiv>
                    <Unicode>handlung sagt Weber: „Was übrigens mein Gehör angeht, so bekenne ich offen, daß es bei An¬</Unicode>
                </TextEquiv>
            </TextLine>
            <TextLine id="line_1614710366579_1153" custom="readingOrder {index:7;} textStyle {offset:24; length:5;fontSize:0.0; kerning:0; letterSpaced:true;}">
                <Coords points="266,2680 1671,2691 1651,2647 266,2646"/>
                <Baseline points="276,2673 313,2673 351,2674 389,2674 426,2674 464,2675 502,2675 539,2676 577,2676 615,2676 653,2677 690,2677 728,2677 766,2677 803,2678 841,2678 879,2678 916,2678 954,2679 992,2679 1030,2679 1040,2676 1071,2677 1102,2678 1133,2678 1164,2679 1195,2679 1226,2680 1257,2680 1288,2680 1319,2680 1350,2679 1381,2679 1412,2679 1443,2679 1474,2678 1505,2678 1536,2678 1567,2677 1598,2677 1629,2677 1660,2677"/>
                <TextEquiv>
                    <Unicode>klängen wie diese, sich nicht behaglich befinden kann; — ich kann auch dieses, den Dummen und</Unicode>
                </TextEquiv>
            </TextLine>
            <TextLine id="r1l68" custom="readingOrder {index:8;}">
                <Coords points="272,2719 1671,2720 1655,2685 272,2680"/>
                <Baseline points="282,2710 350,2710 419,2710 488,2711 557,2711 626,2712 695,2713 764,2713 833,2714 902,2714 971,2715 1039,2715 1108,2715 1177,2716 1246,2716 1315,2715 1384,2715 1453,2715 1522,2714 1591,2713 1660,2711"/>
                <TextEquiv>
                    <Unicode>Mißgünstigen zum Trotz, unverhohlen aussprechen, weil ich glaube, auch das stolze Wort aus¬</Unicode>
                </TextEquiv>
            </TextLine>
            <TextLine id="r1l69" custom="readingOrder {index:9;} textStyle {offset:20; length:39;fontSize:0.0; kerning:0; letterSpaced:true;} person_composer {offset:47; length:6;ID:P0015;}">
                <Coords points="265,2764 1320,2752 1320,2721 1266,2715 265,2717"/>
                <Baseline points="275,2744 326,2745 378,2746 430,2746 482,2747 534,2747 585,2748 637,2748 689,2748 741,2749 793,2749 844,2749 896,2750 948,2750 1000,2750 1052,2750 1103,2750 1155,2750 1207,2750 1259,2750 1311,2750"/>
                <TextEquiv>
                    <Unicode>sprechen zu dürfen: ich weiß Was ich an meinem Mozart liebe.”</Unicode>
                </TextEquiv>
            </TextLine>
            <TextEquiv>
                <Unicode>*) In G. Weber's, bereits in der letzten Anmerkung bezeichneten Abhandlung, die eine äußerst&#13;
gründlich abgefaßte, allseitig eingehende, interessante und lehrreiche Arbeit ist, woraus insbesondere&#13;
Weitzmann hätte lernen können, wie kunstwissenschaftliche Dinge zu erklären sind, wenn man sich&#13;
den Vorwurf der Oberflächlichkeit fern halten will, sind auf Seite 216 des 3. Bandes seiner&#13;
„Theorie 2c.” sechs solcher Varianten (die jedoch zum Theile nicht als Imitationen gelten können),&#13;
unter welchen die erste derselben mit Fig. IV genau übereinstimmt. Am Schlusse dieser Ab¬&#13;
handlung sagt Weber: „Was übrigens mein Gehör angeht, so bekenne ich offen, daß es bei An¬&#13;
klängen wie diese, sich nicht behaglich befinden kann; — ich kann auch dieses, den Dummen und&#13;
Mißgünstigen zum Trotz, unverhohlen aussprechen, weil ich glaube, auch das stolze Wort aus¬&#13;
sprechen zu dürfen: ich weiß Was ich an meinem Mozart liebe.”</Unicode>
            </TextEquiv>
        </TextRegion>
    </Page>
</PcGts>
