1793 2941
104 98 176 157 54
101 203 1662 252 Titels „Harmoniesystem” mit der allgemein verständlichen und präcisen Bezeichnung „Tonsprachlehre”
96 253 490 299 geschmückt werden können! —
203 302 1656 356 „Diejenige Grammatik aber scheint mir den Vorzug zu verdienen, welche bei größter Klarheit und
101 344 1658 402 Verständlichkeit ihre Regeln so bestimmt und zugleich so umfassend aufstellt, daß sie die früher als Ausnahmen
103 394 1654 445 erklärten einzelnen Fälle zugleich mit in sich begreift, und auch über deren richtige Anwendung keinen Zweifel
102 435 278 493 übrig läßt.”
201 487 1653 537 Es ist wohl denkbar, daß man Ausnahmefälle aufhebt und sie unter die, den allgemeinen oder ge¬
102 537 1655 580 wöhnlichen Kunstregeln unterworfenen Fälle einreiht; dann hören sie aber auch auf, Ausnahme¬
105 579 1652 628 fälle zu sein. Oder will man die Ausnahmen als solche fortbestehen und auch zugleich mit den ge¬
99 626 1653 668 wöhnlichen Fällen beziehlich der Regeln congruent sein lassen?! Einen solchen Nonsenz haben wir sogar im
105 667 1660 715 „Harmoniesystem” nicht finden können; denn selbst das Aufheben des Quintenparallelen-Verbotes und andere
102 713 1659 765 von der „neueren Tonkunst” adoptirten Freiheiten können damit nicht wohl gemeint sein, weil der Gebrauch
105 756 1654 804 dieser Errungenschaften — wie in der alten Tonsetzkunst — immer wieder eingeschränkt wird, und diese
97 800 1654 846 Einschränkungen bilden ja gerade theilweise auch die Ausnahmen. Der Zweifel: „Ob nun mein
103 842 1654 893 Harmoniesystem die Grundzüge einer solchen Grammatik der Tonsprache enthalte 2c.” ist aber auch schon deshalb
104 891 1659 931 leicht zu beseitigen, resp. dieser Zweifel als Frage mit einem entschiedenen: Nein zu beantworten, weil nach den
98 931 1647 977 Bedingungen Weitzmann's eine Grammatik nur „bei größter Klarheit und Verständlichkeit 2c.”
98 977 1649 1026 den „Vorzug zu verdienen” scheint, diesen Superlativ jedoch — trotz des „geordneten Systems” mit seinen
106 1026 1643 1068 auf „Principien” basirten „Lehrsätzen”, welche die „combinirtesten harmonischen Gebilde 2c.” erklären lassen —
105 1065 1655 1111 die „eigene” und „gekrönte Arbeit” nicht beanspruchen kann; denn Weitzmann legt ja das naive Selbstbe¬
100 1107 1647 1155 kenntniß ab, daß er, obgleich die „allgemeinen Gesetze 2c.” „präcis gefaßt und vollständig mitzutheilen”
95 1161 1654 1204 als Aufgabe gestellt war, „Manches” zu sehr gedrängt gegeben, was mißverstanden wurde und
100 1201 1556 1244 er daher nachträglich in den „vorliegenden Blättern” genöthigt gewesen, „klarer” darzustellen. —
204 1250 1653 1307 Im weiteren Verlauf, den „Angriffen” seines Kritikers zu „begegnen”, ist nun Weitzmann so gnädig,
102 1297 1657 1344 zuzugeben, daß auch „harmonische Wagnisse” in „älteren Werken anerkannter praktischer Meister” zu finden
101 1344 1652 1387 seien, nur habe „die Theorie nicht den vernünftigen Grund derselben erkannt 2c.” — Was überhaupt kunst¬
93 1391 1655 1435 vernünftig erklärbar ist, wurde von der Musiktheorie, resp. von den Tongelehrten nicht versäumt zu erklären
97 1433 1649 1480 und zu erläutern, wie mehrfältig von uns nachgewiesen wurde, und man war daher in dieser Beziehung
92 1474 1654 1525 nicht bis zum „Glück” Weitzmann's und sein Harmoniesystem zu warten genöthigt, welches letztere dann auch
100 1528 1658 1570 zum Zwecke der Analyse und Deduction harmonischer und melodischer Tongestaltungen keinen „vernünf¬
100 1562 1191 1613 tigen Grund“ aufzuweisen vermag, welcher der alten Theorie fremd wäre.
199 1618 1655 1661 Von der Kritik (in der „D.-M.-Z.”) provocirt, welche behauptete, auch nach seiner „umfassenden
98 1659 1622 1709 [?] Theorie” sei der Anfang der Prometheus-Ouverture von Liszt unerklärbar, vermeint nun Weitzmann —
96 1700 1651 1748 natürlich auf den „vernünftigen Grund” seiner „Verzögerungen” gestützt — den schlagendsten Beweis vom
101 1747 1657 1788 Gegentheile zu liefern. „Abstrahiren wir von der daselbst der Bequemlichkeit der Spieler wegen gewählten
105 1790 1658 1837 Schreibweise, und führen die contrapunktische auf die harmonische Stimmführung zurück, so erscheinen die drei
94 1839 1656 1883 ersten Zusammenklänge als Verzögerungen der Töne des gis-moll-Dreiklangs (in der Terzsextlage), und der
101 1873 1659 1922 diesem folgende übermäßige Dreiklang (c e gis) als ähnliche regelmäßige Verzögerung des cis-moll-Dreiklanges
96 1916 392 1973 (in der Grundlage):
202 2151 1651 2211 Weitzmann konnte aus der Zukunftsmusik zur Charakterisirung derselben kaum ein besseres Pröbchen
100 2203 1655 2252 liefern und dabei zugleich auch seine Befähigung zur Analyse und als Arrangeur dieser Musik nicht treffender
101 2252 1660 2300 constatiren, als durch Vorführung dieses Notenbeispiels. — Wir haben in der „Kritischen Beleuchtung” bereits
97 2297 1657 2348 mehrmal bemerkt, daß eine kunstgemäße instructive Musiktheorie sich nicht mit der bloßen Zerlegung der
102 2335 1659 2387 Tonwerke, ihren Abtheilungen, Sätze und Harmonieen bis in die einzelnen Tonverhältnisse begnüge, sondern
90 2385 1651 2435 auch über Werth oder Unwerth der verschiedenartigen Tonverbindungen Belehrung gebe, in keinem Falle
101 2429 1657 2478 Sinnwidriges gelten lasse; daher müssen wir denn auch nach den Satzungen der alten Musiktheorie diese
97 2472 1651 2520 hier übereinander gestellten Noten und nebeneinander gereihten Zusammenklänge, welche zum großen Theile in
95 2514 1646 2563 ihrem Zusammenhange wie im Einzelnen aller drei Elemente der musikalischen Kunst, der Harmonie,
101 2561 1656 2605 der Melodie und des Rhythmus bar und ledig sind, für musikalischen Unrath erklären, und wir haben
95 2602 816 2651 uns daher auch nicht weiter damit zu befassen. —
202 2656 1658 2701 Der Verfechter der „neuen harmonischen Wagnisse”, nachdem er vorher seinen Kritiker über „Quer¬
105 2703 1653 2756 stand” und „Begriff einer bestimmten Tonart” belehrt hat, findet dann sogar auch eine Analogie zwischen
