1793 2941
1647 79 1702 155 35
245 177 1721 254 Sehr ungelenkig werden die regelmäßigen Führungen der Bestandtheile des Septimenaccordes ange¬
142 243 1716 298 geben, während man in älteren Lehrbüchern diese Angabe einfacher, natürlicher und präciser findet. Hier ein
151 291 1713 344 Pröbchen: „In einer bestimmten Tonart bleibend wird, wie schon erwähnt, die Septime sich nicht melodisch
148 336 1718 390 steigend, der Grundton nicht stufenweise fallend auflösen können, weil in beiden Fällen ein schon vorhandener
150 383 726 437 Ton verzögert werden würde [?]; 2c.” —
254 429 1715 488 Etwas seltsam klingt folgende Adoption: „Da nun selbst in der classischen Tonkunst dem Dominant¬
142 478 1710 531 septimenaccorde ein freieres Auftreten gestattet war, so kann die romantische Tonkunst wohl mit Recht die
149 524 534 580 folgenden Sätze aufstellen:
284 557 1671 632 „1) Einem bestimmten Dreiklange kann jeder der verschiedenen Dominantseptimenaccorde folgen;
303 622 1389 679 2) Jedem Dreiklange kann ein bestimmter Dominantseptimenaccord folgen;”
251 667 1707 732 Der Verfasser nimmt „mit Recht” Sätze aus der älteren Tonkunst auf und verwirft solche „mit Recht”
148 722 1710 770 und dieses Alles „mit Recht”, das heißt, — nach seinem subjectiven Gutdünken! — Die er¬
146 766 1719 816 läuternden Beispiele hierzu zeigen lauter bekannte Harmonieenschritte, wie dieselben, jedoch vollständiger, in
140 810 1716 859 älteren Lehrbüchern, z. B. in G. Weber's „Tonsetzkunst”, Bd. 2, fünfte Abtheil., zu finden sind, und klären
143 855 834 909 demnach das noch bis jetzt Unerklärte nicht auf.
249 902 1716 962 Im ersten Accorde der nachstehenden Fig. 46 ist wohl das fehlende G im Baß dem Setzer zuzu¬
143 950 1625 1012 schreiben; das Beispiel bei i, wie es im Harmoniesystem gedruckt steht, soll wohl wie bei k erscheinen:
240 1166 1710 1216 Was vom verminderten Septimenaccorde mitgetheilt wird, ist von den älteren Lehrbüchern
136 1216 1701 1266 nicht abweichend, — also wiederum nichts Neues. Von der Behandlung des kleinen Vierklangs, auf
139 1260 1701 1311 der II., III. und VI. Stufe in Dur und auf der IV. Stufe in Moll residirend, sowie von jener des Vier¬
138 1308 1706 1358 klangs aus vermindertem Dreiklang und kleiner Septime bestehend, welcher Accord in Dur
138 1347 1715 1400 auf der VII. und in Moll auf der II. Stufe seinen Sitz hat, ist in dieser Abhandlung von den Septimen¬
143 1398 1708 1445 accorden nicht die Rede, und die Harmonieen mit übermäßiger Sexte (Sexten-, Terz-Quart-
147 1438 1709 1492 Sexten- und Quint-Sexten-Accord) werden nur vorübergehend erwähnt. Am allermeisten wird man
141 1485 1715 1539 sich jedoch darüber verwundern, daß Weitzmann, der wohl den großen Vierklang mit übermäßiger
142 1529 1710 1580 Quinte oben in Fig. 45 abgefertigt, des Vierklangs aus kleinem Dreiklang und großer Sep¬
139 1570 1710 1623 time bestehend, dem Lobe in seinem Lehrbuche eine wirkungsvolle Zukunft in Aussicht stellt (siehe oben,
148 1620 1704 1671 Seite 15, die Figuren 9, 10 und 11), mit keiner Sylbe gedacht hat. Diesen köstlichen Bissen hätte man
145 1659 1713 1709 doch nicht so ganz und gar unberührt lassen sollen! Und wie konnte dieser Manco von den Preisrichtern
139 1706 562 1759 unbeachtet gelassen werden!? —
238 1746 1708 1808 Am Schlusse werden noch mehrere Beispiele von Retardationen gebracht, die wohl in früherer Zeit als
146 1790 1702 1856 Undecimen- und Terzdecimen-Accorde erklärt wurden, aber nun schon längst als Vorhalte angesehen werden,
145 1851 1709 1896 was sie in der That auch sind. Deßhalb hätte der Verfasser diese Accordbildungen bei der Lehre von den
140 1893 1707 1942 „Vorhalten” bringen sollen. Freilich konnte er dieses auch wieder nicht, weil er die Septimenaccorde noch
140 1934 1702 1989 nicht gebracht hatte. Solche Consequenzen ergeben sich, wenn man das Pferd am unrechten Theile
138 1981 510 2034 aufzuzäumen beginnt. —
852 2207 971 2278 IX.
235 2303 1706 2368 Unter der Ueberschrift „Trugfortschreitung” sagt der Verfasser: „Wenn die Dissonanz eines
143 2350 1714 2403 Accordes bei ihrer regelmäßigen Auflösung in einen neuen dissonirenden Accord tritt, so entsteht
132 2398 1709 2445 eine Trugfortschreitung.” Wir haben früher schon auf das Zwiespaltige dieser Bezeichnung aufmerksam ge¬
137 2445 1702 2495 macht, auch gesagt, daß bei uns vorzugsweise die Trugcadenz damit bezeichnet werde. Aus dieser eben
140 2486 1702 2542 citirten Erklärung kann man nicht leicht errathen, ob der Verfasser von einer melodischen oder harmonischen
137 2533 1699 2582 „Trugfortschreitung” gesprochen; dagegen zeigen die Beispiele unverkennbar, daß er, dem Sinne seiner
138 2554 1703 2630 Erklärung in der Abtheil. „Dissonanzen” entgegen, hier die harmonische Trugfortschreitung gemeint
132 2621 1706 2675 habe, da in einigen dieser Beispiele der dissonirende, chromatische Ton beim Accordwechsel liegen bleibt, also
135 2662 1709 2713 von einer melodischen Fortschreitung dieses Tones keine Rede sein kann. Aber soll man dann in diesem
133 2709 1701 2767 Falle von einer „regelmäßigen Auflösung” der Dissonanz eines Accordes sprechen, wenn dieselbe im
