1793 2941
1645 87 1725 156 11
150 210 1724 259 welcher Preis jedoch keiner der sieben eingegangenen Schriften zuerkannt werden konnte, wie Türk in seiner
155 259 1708 308 „Anweisung zum Generalbaßspielen”, 4. Auflage, Seite 77, unten angibt. Dagegen ist aber die Behauptung,
154 297 1722 348 daß seit Jahrhunderten das „musikalische Ohr Wohlgefallen” an Quintenparallelen gehabt, unwahr. Finden
163 346 1724 397 sich auch in den ersten uncultivirten harmonischen Versuchen aus den Zeiten Hucbald's Quintenparallelen
150 386 1713 435 im vierstimmigen Vocalsatze vor, so wurden aber solche Fortschreitungen bald von einem geläuterten Ge¬
157 433 1718 484 schmacke als grelle, unangenehme Tonfolgen erkannt und vermieden, und sie erscheinen nach und nach in den
163 481 1716 525 Tonstücken immer spärlicher und in der Regel auch nur in vielstimmigen Tonwerken, allwo sie durch die
163 523 1718 572 Tonmasse, die Gegenbewegung und Durchkreuzung der übrigen Stimmen 2c. gedeckt
155 569 1722 620 sind. Darauf allein ist z. B. auch Vogler's Ausspruch in seiner Harmonielehre, Seite 63, gestützt, daß
159 619 1704 669 er sich nämlich getraue, ein ganzes vollstimmiges Tonstück hindurch, die Bratsche in „reinen [großen] Quinten”
149 654 1714 710 gegen die Baßstimme einherschreiten zu lassen; sie werden eben nicht, oder nur höchst schwach gehört! Deßhalb
149 704 1708 749 ist denn auch die Schärfe der Quinten in den citirten Beethoven'schen Accordfolgen wegen vorgeführter
158 752 1719 798 Tonfülle, springender und Gegen-Bewegung des Partes für die linke Hand, jenem in wechselnden Accordlagen
150 796 1715 843 und stufenweise abwärts schreitenden Part der rechten Hand gegenüber, bedeutend gemildert *), sowie wir uns
151 838 1708 893 endlich aus demselben Grunde die Quinten- und Mixturen-Register in den Orgeln gefallen lassen müssen,
149 883 1710 932 welche Stimmen bei unverhältnißmäßig schwacher Registrirung mit Grundstimmen bekanntlich nicht benutzt
153 928 1708 977 werden können. A. André, welcher in §. 18 seiner „Tonsetzkunst — 2. Abtheilung — Contrapunkt” für
151 974 1708 1021 den theilweisen Gebrauch der Quintenfolgen sich erklärt und entsprechende Beispiele hierzu gegeben hat,
152 1010 1709 1060 versucht die Sache zu regeln, indem er sagt: „Man könnte also für den vier- und mehrstimmigen Satz die
152 1058 1715 1106 Regel annehmen: „daß 2 in grader Bewegung fortrückende Quinten, wenn dabei eine Fortschreitung ver¬
149 1106 1712 1154 schiedenartiger Accorde, oder bei gleichen Accorden eine verschiedenartige Zusammen¬
156 1154 1711 1197 stellung und verschiedenartige Fortschreitung ihrer Intervalle, Statt findet, auch nicht als
150 1194 556 1245 fehlerhaft zu betrachten sind.”
246 1233 1708 1284 Wären die Quintenparallelen als Mittel zu schönen Tongestaltungen unbedingt zu empfehlen, an
148 1283 1705 1324 denen wir Wohlgefallen empfänden, so müßte man sie auch für sich allein, also im zweistimmigen Satze
146 1333 1713 1380 unbedenklich gebrauchen können; aber welches musikalisch cultivirte Gehör kann gleiches Wohlgefallen an den
148 1370 1270 1421 Intervallenfolgen unter i in Fig. 6 empfinden, wie an jenen unter k und l?
253 1681 1707 1732 Können die Quintenparallelen aber nicht in ihrer unverhüllten Gestalt künstlerisch verwendet werden,
143 1732 1700 1773 und sind sie in den Tonwerken — gleichviel ob mit Absicht oder aus Versehen von den Componisten einge¬
146 1776 1709 1827 führt — nur dann ausnahmsweise zu gestatten, resp. zu dulden, wenn ihre unangenehme Eigenthümlichkeit
146 1825 1709 1868 nicht, oder nur fast unmerklich empfunden wird, so muß auch die Kunstschule den freien Gebrauch derselben
142 1861 1703 1909 versagen. Unsern Beifall können wir den Quintenparallelen nicht schenken, obgleich wir ein Tonwerk, in
148 1905 1710 1955 welchem sie vorkommen, eben so wenig verdammen, oder den Werth desselben hiernach taxiren, als ein sonst
151 1947 1706 1995 gelungenes Gedicht mit hier und da hinkenden Versen oder falschem Reim. Dagegen beneiden wir aber
152 1994 1701 2037 Niemand um sein Gehör und seinen musikalischen Kunstsinn, wenn er sich bei Anhörung von Quintenparallelen
146 2035 304 2084 amusirt. —
251 2071 1705 2131 Gleich dem Mitgliede einer gesetzgebenden Versammlung vom reinsten Wasser, als habe man durch das
138 2123 1705 2164 vorgeführte Beispiel aus Beethoven's Sonate die unbestrittene Motivirung vorgelegt, wird nun vom
138 2164 1697 2212 Verfasser über das musikalische Feudalgesetz beziehlich der Quintenparallelen der Stab gebrochen und auf eine
139 2218 1706 2260 radicale Beseitigung dieses mißcreditirten Gesetzes angetragen: „Die neuere musikalische Grammatik kann also
145 2251 1704 2307 ohne Bedenken jenes Verbot paralleler Quinten aufheben, um so mehr, als sich dasselbe niemals [sic!] auf
141 2298 1696 2348 deren Umkehrung, auf Parallelen von Quarten, welche doch ganz dieselbe harmonische Bedeutung haben,
145 2345 377 2398 ausgedehnt hat.”
245 2385 492 2436 Wohl bekomm's! —
245 2432 1699 2475 Was jedoch die Zusätze zur näheren vermeintlichen Begründung für das Aufheben des Quintenparallelen-
134 2475 1701 2525 Verbotes betrifft, so befindet sich der Verfasser in einem doppelten Irrthume. Denn erstens haben
240 2608 1273 2653 *) Man spiele einmal die Accorde der Partie für die linke Hand allein! —
234 2642 1690 2692 **) Ueber Parallelen großer Terzen, wie man sie in der Fortschreitung der 3 letzten Noten im zweiten
296 2687 1694 2733 Takte bei k (Fig. 6) findet, welche dem Gehöre einigermaßen auffallend erscheinen, werden weiter
297 2721 796 2772 unten noch einige Worte folgen. —
