1502 2450
686 122 888 180 272
208 236 1456 307 phon. fis} fixirt werden. Schliesslich erwähne ich noch einer
216 306 1448 355 Auflösung durch doppelte Vorhalt-Dissonanzen in leicht ver¬
208 354 709 420 ständlichen Klangfolgen
465 1099 1213 1164 9. Der übermässige Sextenaccord.
322 1235 1460 1291 Ein beachtungswerthes Gebilde finden wir in beiden
219 1298 1445 1356 Doppelleittongeschlechtern vor, und sonst nirgendwo, welches
223 1364 1441 1412 von um so grösserem Werthe erscheint als neue Belege
218 1416 1440 1475 gewonnen werden für die Richtigkeit der Theorie, nament¬
218 1474 1450 1531 lich für die veränderte Bedeutung der Septime im Dominant¬
229 1539 965 1604 septimenaccorde. Der Doppelklang
228 1667 1458 1731 verbindet zwei Klänge, die durch die antinomen Klänge d0
227 1738 1458 1788 und d+ vermittelt werden. Unmittelbar wird also die
226 1793 1446 1851 vorliegende Klangmasse sich niemals auflösen lassen; voll¬
233 1856 1453 1909 ständige Befriedigung gewährt erst die Aufeinanderfolge
238 1915 573 1971 von d+ und d0:
