1502 2450
646 104 947 166 120
278 944 1429 998 Offenbar ist hier ges{ der absteigende Leitton zu f;
172 1009 1427 1070 der volle Nachdruck, der dem Leitton eigen ist, liegt auf
169 1077 1432 1126 diesem Tone; die Stimmung desselben kann keinem Zweifel
166 1136 1361 1247 unterliegen, sie ist folgende: ges} = $$MATH. b oder $$MATH. f. —
165 1255 1434 1365 d} im Accord b d} f ist reine Terz von b, mithin d} = $$MATH b
172 1359 1423 1455 also ges{ = $$MATH. d}. Das fis}} im zweiten Tact ist offenbar Terz
175 1471 1430 1573 von d}, mithin = $$MATH. d} also ges{:fis}} = 128:125 d. h. fis}}
174 1593 1425 1651 tiefer als ges{, und zwar um mehr als ein Komma. Die reine
170 1657 1415 1716 Intonation mag schwierig sein, da das b im Bass arg disso¬
174 1720 1427 1791 nirt, und die harmonische Generation des fis}} als Leitton zu
169 1794 1415 1868 g} nicht anders verstanden wird, als wenn der Satz dem Hö¬
170 1864 1419 1924 rer bekannt ist. Sobald aber der d}-Dreiklang in den letzten
172 1933 1416 1984 Achteln des zweiten Tactes ertönt, unterliegt man derselben
165 1983 1425 2045 akustischen Täuschung, wie bei dem vorhin besprochenen
165 2047 1437 2101 Falle. Naumann sagt: Wer wollte hier behaupten, dass
175 2115 1419 2174 das fis}} ein tieferer Ton sein müsse, als das vorhergehende ges{?
165 2182 1430 2238 Unwillkührlich hat man mit dem Eintritt der ersteren das
