1502 2450
684 123 929 172 58
212 228 1443 276 ment si simple les règles les plus connues de l'Art musical.
206 283 1439 340 Mais d'un autre côté s'il est injuste d'éxiger ici cette persua¬
209 351 1450 403 sion intime et inébranlable, qui n'est produite que par la plus
212 409 1446 459 vive lumière; nous doutons en même tems quil soit possible de
201 459 1201 525 porter sur ces matières une lumière plus grande.”
313 532 1447 587 Dem letzten Ausspruch zufolge hält d’Alembert das
214 594 1440 651 Problem für ein erschöpft beantwortetes. In der Fort¬
210 650 1446 707 setzung jener Einleitung kommt er noch ein mal auf die¬
212 721 1442 771 selbe Frage zurück, und ich kann nicht umhin, den ganzen
202 771 1433 823 hierhergehörigen Absatz aufzunehmen, zumal da er den Ueber¬
204 834 1445 888 gang bilden wird zu dem Gegenstande, der uns sogleich
212 891 567 956 beschäftigen soll:
315 986 1446 1034 „On ne sera point étonné après cet aveu, que parmi les
206 1035 1453 1099 faits qui se dèduisent de l'expérience fondamentale, il y en
209 1099 1440 1155 ait qui paraissent dépendre immédiatement de cette expérience,
205 1155 1450 1219 et d'autres qui s'en déduisent d'une manière plus éloignée et
205 1211 1450 1260 moins directe. Dans les matières de Physique, ou il n'est guère
210 1274 1442 1330 permis d'employer que des raisonnements d'analogie et de con¬
209 1330 1442 1396 venance, il est naturel que l'analogie soit tantôt plus, tantôt
211 1394 1438 1443 moins sensible: et ce serait, nous osons le dire, le caractère
206 1457 1446 1515 d'un esprit bien peu philosophique, de ne savoir pas reconnaître
206 1513 1454 1563 et distinguer cette gradation et ces differantes nuances. Il
205 1570 1447 1635 n'est pas surprenant, que dans un sujet ou l'analogie seule peut
213 1627 1440 1676 avoir lieu, ce guide vienne à manquer tout-à-coup pour l'ex¬
209 1698 1445 1748 plication de certains phénomènes. C'est ce qui arrive aussi dans
210 1746 1445 1797 la matière, que nous traitons; et nous n'avons pas dissimulé
211 1811 1439 1867 qu'il est certains points (quoiqu 'en petit nombre), où le prin¬
211 1866 1090 1932 cipe parait laisser quelque chose à désirer.”
315 1939 1445 1994 Also ein kleiner Theil der Theorie der Musik soll
209 1997 1444 2051 doch noch unerklärt sein, und sehen wir genauer zu, wel¬
204 2069 1451 2123 cher Theil im Folgenden insbesondere bezeichnet wird, so
215 2123 1445 2171 sind es gerade diejenigen Momente, die im Gegensatz zu
205 2179 1444 2235 dem von d’Alembert angewandten Tonicitätsprincipe sich
