1502 2450
611 115 752 172 55
132 219 1273 267 Die Nothwendigkeit auf empirische Thatsachen zu
46 274 1277 331 bauen und das Experiment zu Hilfe zu nehmen, nicht aber
48 339 1271 387 die theoretische Musik rein philosophisch herzuleiten, wurde
140 1018 1278 1058 Wie man sieht, weicht die von Helmholtz gegebene Reihe nicht sehr von
40 1060 1279 1100 der obigen ab. In hohem Grade ist das der Fall, wenn man die Molldreiklänge be¬
40 1107 1270 1147 rechnet, für welche Helmholtz nachwies, dass nur in drei Lagen mehr als ein un¬
40 1147 1281 1187 harmonischer Combinationston vermieden werden kann. Fragen wir aber nur nach der
42 1190 1271 1236 phonischen Bedeutung eines solchen Gebildes, so erhalten wir dieselben Maasszah¬
38 1236 1276 1284 len wie soeben, wenn wir nur das Spiegelbild der vorstehenden Reihe niederschreiben.
145 1683 1275 1724 Ich muss ausdrücklich daran erinnern, dass die Reihenfolge nicht etwa an
39 1723 1278 1771 der Physharmonica, wo die Combinationstöne jeden Molldreiklang unleidlich machen,
42 1763 1271 1811 geprüft werde. Ich lege keineswegs einen hohen Werth auf die von mir aufge¬
41 1817 1274 1852 stellte Ordnung, es lag mir nur daran, für den Wohlklang der Mollaccorde einzu¬
51 1849 1278 1900 treten, die meines Erachtens, von Helmholtz zu sehr in ihrer Güte beeinträchtigt
44 1891 1282 1937 werden. Nur einzelne Fälle will ich näher besprechen. Man könnte mit Recht
50 1939 1277 1987 mir vorwerfen, dass die Hypothese, von der aus ich den Wohlklang beurtheile nicht
50 1980 1275 2028 genügend begründet sei. Dagegen kann ich nichts erwidern; nur aber erinnern
47 2019 1280 2068 muss ich daran, dass bei Helmholtz der Accord 11 einen niederen Rang wegen
42 2067 1279 2107 dreier störender Combinationstöne einnimmt, welch letztere aber beim gesungenen
50 2107 1286 2153 Accorde sehr wenig hörbar sind. Dass diese den Wohlklang bestimmen sollten,
48 2152 1285 2195 erscheint mir eine viel gewagtere Hypothese zu sein. In der That ist der Accord
49 2202 1274 2251 11 schlecht angethan, einen phonischen e}-Klang zu repräsentiren, was er doch soll,
