1502 2450
510 99 805 156 71
52 828 1280 883 im Uebrigen sind alle Töne einander ganz gleich. Beide
57 890 1285 942 Leitern erscheinen schon durch die Leichtigkeit, mit der sie
57 947 1273 1004 intonirt werden können, als solche, die dem Gehör am un¬
50 1011 1273 1075 mittelbarsten verständlich, die erstere aber leichter aufsteigend,
57 1067 1282 1123 die letztere absteigend. Die tonische Leiter ist zwar in der
51 1130 1287 1194 heutigen Musik auf und ab so oft gebraucht und gehört, dass,
55 1187 1289 1244 meinem Gefühle nach, sie auch unmittelbar absteigend leicht
60 1250 1280 1300 intonirt wird. Anders mit jener, die, wenn vorher keine Caden¬
57 1307 1282 1362 zen angegeben sind, die dem Gehör schon die einzelnen Stufen
58 1371 1277 1428 vorgeführt haben, schwieriger zu treffen ist. Man versuche nur,
60 1436 1290 1491 nachdem man die phon.-e} Leiter gesungen, einen anderen Ton
60 1491 1283 1555 als Phonica anzunehmen, und von diesem aus aufsteigend
59 1555 1282 1605 die phon. Leiter zu intoniren, und man wird deutlich eine Un¬
55 1627 1289 1668 sicherheit bei jedem Schritte merken. Anders abwärts. Die
54 1676 1280 1731 Intonation gelingt leicht und sicher von jeder Phonica aus 1).
57 1730 1279 1788 Erst bei einiger Uebung wird die Intonation der aufstei¬
55 1806 1282 1853 genden phonischen Leiter ebenso leicht und sicher gelingen,
159 1940 1291 1978 1) Anderweitige in hohem Grade interessante Bemerkungen über den ab¬
64 1979 1295 2020 steigenden Character des phonischen Dreiklanges, die uns hier zu weit führen
67 2020 1298 2067 würden, findet man in dem werthvollen, umfangreichen Werke von C. L. Merkel
61 2060 1286 2116 „Physiologie der menschlichen Sprache” Leipzig, bei Otto Wiegand 1866. pag.
67 2107 1292 2154 356 und 370. In letzter Stelle verspricht der Verfasser, auf das „Naturgesetz”,
68 2147 1293 2195 das in der Mollterz liege, später zurück zu kommen; leider vergisst er aber sein
71 2195 254 2244 Versprechen.
