1502 2450
698 123 991 180 188
229 227 1459 283 Wie bei der Aufeinanderfolge zweier Töne es verschiedene
231 291 1462 340 Grade der Verwandtschaft gab, so suchen wir hier eine Be¬
228 347 1463 403 ziehung zwischen den Accordklängen, die wir als Vertreter
231 412 1469 460 der Harmonieen kennen lernten. Es sind die Accordklänge
226 469 1464 523 die Vermittler der Fortschreitung. — In dieser Art hat
227 532 1462 580 schon Helmholtz zum Theil die Harmoniefolgen erklärt.
224 586 1459 637 Er kommt aber zu anderen Resultaten, weil er die Moll¬
221 659 1464 699 accorde anders deutet, hauptsächlich aber, weil er neben
229 706 1466 755 dem genannten Prinzip zugleich ein anderes gelten lässt.
226 762 1456 819 Er nimmt die Anzahl der Töne, die zwei Accorde gemein¬
226 826 1462 876 sam besitzen, als Maass der Verwandtschaft, und durch die
223 884 1462 939 doppelten Gesichtspunkte verliert seine Darstellung einen
221 955 1454 996 consequenten Halt. — Auch Hauptmann nimmt nicht etwa
222 1003 1451 1067 die Accordklänge, die durch die Harmonie vertreten werden,
217 1077 1449 1124 zur Richtschnur, sondern die in den einander folgenden Ac¬
225 1122 1449 1178 corden gleichen Töne und kommt daher zu sehr auffallen¬
217 1187 1117 1243 den Resultaten. Um von c — e} — g nach
743 1259 993 1316 c — f — a}
224 1337 990 1381 zu gelangen, nimmt er c — e} — a}
221 1387 1460 1441 als vermittelnde Harmonie an. Wenn alle drei Töne der
228 1443 1452 1500 zu verbindenden Accorde verschieden sind, so werden meh¬
221 1506 1458 1555 rere Bindeglieder erforderlich 1). Das Verständniss der
221 1564 362 1628 Folge
223 1763 894 1811 wird nach ihm vermittelt durch
319 2210 921 2252 1) Hauptmann l. c. pag 64 und ff.
