1502 2450
668 123 966 178 74
295 747 1441 801 Die zweite Cadenz ist der vollkommene Gegensatz der
209 825 1438 875 ersten. Die Septime auf g und die Septime unter a} im je
207 881 1433 931 vierten Accorde kann als durchgehende Note betrachtet wer¬
202 938 1437 987 den. Wenn die erste Cadenz mit einer Generalbassschrift
207 995 1426 1045 angedeutet würde, so liesse sich durch dieselben Zah¬
211 1051 1436 1108 len eine Generaldiscantschrift für die andere Cadenz
204 1114 428 1164 aufstellen:
212 1796 1396 1876 $$MATH bedeutet dort Terz und Quint überm Grundton, hier $$MATH
221 1899 1442 1956 Terz und Quint unter dem Melodieton. — Ich habe absicht¬
215 1963 1444 2009 lich den F-Schlüssel gewählt; weil dieser das in unserer
221 2018 1436 2067 Schreibweise allein symmetrisch gelegene d auf der Mittel¬
214 2075 1434 2128 linie hat. Da nämlich, ohne Erhöhungs- und Erniedrigungs¬
221 2148 1440 2194 zeichen nur die den weissen Tasten unserer Pianoforte ent¬
217 2204 1430 2253 sprechenden Töne auf und zwischen den Linien notirt wer¬
