1502 2450
543 114 830 163 207
155 360 1214 426 Dann hat jedes von ihnen zwei Septimenaccorde
158 708 1309 754 Die Klangbedeutung aller dieser Gebilde behandeln wir
64 764 1297 823 später, und suchen jetzt blos die möglichen Cadenzen auf.
55 827 1294 882 Die Septimen e und c tragen übrigens wesentlich dazu bei,
62 882 1304 937 dem Geschlechte 2., den tonischen und 5., den phonischen
66 946 1307 995 Character zu bewahren, denn in 2., kann d+ nicht mit einer
62 1003 1297 1051 Septime c und in 5., ebenso wenig d0 mit einer Unter¬
61 1065 1302 1119 septime e verbunden werden. Folgende Ganz- und Halb¬
55 1122 526 1179 schlüsse sind möglich:
166 2002 1297 2068 In Bezug auf Harmoniebildung und Klangfolge, abge¬
58 2063 1300 2115 sehen von der Lage der Stimmen, ist offenbar die zweite
61 2122 1295 2172 Reihe das vollkommene Spiegelbild der ersten. Die
55 2180 1296 2236 Schwingungszahlen sämmtlicher Töne sind einander
