1502 2450
788 98 972 158 204
224 363 1440 420 welch letztere vollkommen identisch sind mit II. 1., und
216 432 1448 485 resp. IV. 4. — Dem untransponirten Systeme III. 1., als
228 482 1442 535 einem tonischen d-System, würde die Hauptseite, ein a-Klang
215 547 1443 596 fehlen, ebenso in III. 6, ein g-Klang, — während wenn der
219 602 1439 652 Schwerpunkt, wie oben, verlegt wird, die Systeme sehr voll¬
226 659 1436 724 kommen erscheinen, wie wir bald bei Betrachtung von II. I.,
213 716 852 780 und IV. 4., erkennen werden.
315 795 1448 842 In der dritten Classe ist jetzt nur noch das System
224 859 1439 915 III. 4, stehen geblieben. So wie III. 3, ohne Leitton war,
226 914 1434 964 hat dieses deren zwei. — Jeder Leitton verhindert die Ent¬
225 978 1440 1028 stehung der Quintklänge von d. Statt derselben entsteht
227 1035 1434 1092 eine sehr vollkommene Dissonanz, die wir später ausführlich
221 1095 1443 1148 untersuchen. In diesem Geschlecht einzig und allein sind
226 1164 1445 1219 beide Leitklänge gleichzeitig vorhanden, es{+ und cis}0, die
226 1226 1433 1328 in der Generation der Töne, repräsentirt durch $$MATH,
225 1343 1448 1404 am weitesten von einander entfernt sind. — Das System ist
226 1403 1441 1468 symmetrisch in sich, mit doppeltem Mittelklang, d0 und d+,
228 1473 1442 1515 und besitzt drei eigenthümliche verständliche und wohlinto¬
226 1523 1437 1571 nirbare Dissonanzdreiklänge. — Es lässt sich streng in die¬
224 1586 1443 1636 sem System moduliren, obwohl die einfachsten Klangfolgen
228 1642 1439 1699 stets vermisst werden. Das System besteht aus zwei Hälften,
222 1704 1445 1756 die mit einander durch den Mittelklang d+ und d0 allein
232 1767 1443 1828 verbunden erscheinen. Nur durch diese Klänge hindurch
223 1832 1444 1883 gelangt man von der einen Seite des Systemes zum anderen.
219 1876 1444 1932 Die Leiter ist leicht zu intoniren, aber unbestimmten und
231 1948 1448 1996 schwankenden Characters. Ein bestimmter Schluss lässt sich
222 1994 1447 2052 nicht gewinnen, weil weder das tonische noch das phoni¬
224 2059 789 2117 sche Element überwiegt.
