1502 2450
744 114 854 172 234
176 222 1428 284 tung fähig ist. Wenn eine entschiedene Bestimmung durch
173 282 1415 338 Hinzutreten eines dritten Tones gewonnen wurde, entstand
174 349 1412 403 ein unzweideutig consonanter Klang. Anders im vorliegen¬
177 395 1416 452 den Fall. Die Deutung wird durch Zusammenstellung zweier
177 467 1424 507 zweistimmiger Intervalle noch nicht bestimmt, sondern die
173 515 1426 571 Auflösung fixirt die Auffassung jener. Grade in der stets
170 579 1415 627 möglichen mehrfachen Deutung liegt das biegsame Wesen
181 634 1418 683 der Dissonanz. Die oben aufgeworfene Frage darf mithin
171 698 1425 747 nicht dahin beantwortet werden, dass aus zwei oder gar aus
177 754 1422 803 einem Tone ohne Kenntniss der Auflösung eine bestimmte
180 811 911 868 Klangbedeutung gewonnen werde 1).
276 882 1421 930 Die Unterschiede der Stimmung sind unter allen Um¬
183 947 1428 1003 ständen festzuhalten. Die Klangbedeutung von d — f — a}
169 1018 1420 1064 darf nie mit der von d} — f — a} verwechselt werden. Jener
171 1093 1424 1148 Accord ist = g+ + f+ dieser = a}0. Allerdings wird die
179 1142 1424 1196 Stimmung des Tones d sich dadurch ändern können, dass
168 1211 1420 1257 etwa ein e}0-Klang = c — e} — a} folgt. Der Sänger, der
179 1266 1415 1323 diese Folge erwartet, wird aber, im Vorgefühl dieser Mo¬
167 1331 1423 1379 dulation, das d anders intoniren, dagegen solches nicht
167 1386 558 1445 thun in der Folge
272 1714 1422 1771 Es handelt sich bei Auffassung dissonirender Gebilde
177 1779 1428 1822 nicht so sehr um in praxi ausgeübte Reinheit der Intonation
180 1835 1423 1890 des einzelnen Tones, als um den Zusammenhang, in welchem
174 1898 1423 1954 derselbe gebraucht wird. Ehe wir weiter die Klangbedeu¬
175 1954 1426 2010 tung der Dissonanzen untersuchen, will ich mir über diese
276 2091 1422 2139 1) Ich finde es nicht zweckmässig, dass in den Lehrbüchern über den
178 2131 1426 2176 Contrapunkt mit dem zweistimmigen Satze begonnen wird. Der vierstimmige Satz
177 2179 1125 2219 ergiebt eine klarere und einfachere Behandlung der Dissonanz.
