1502 2450
626 123 809 183 27
153 226 1283 291 „Die Schwebungen bringen eine intermittirende Erre¬
52 294 1292 346 gung gewisser Hörnervenfasern hervor”. Eine solche wirkt
54 347 1279 396 aber unangenehmer als eine continuirliche. („Ein knarren¬
59 403 1284 459 der Ton ist für die Gehörnerven dasselbe, wie flackerndes
55 467 1289 515 Licht für den Gesichtsnerven”). — Wenn zwei Klänge er¬
54 523 1291 572 tönen, so geben deren Obertöne zu vielfachen Schwebungen
61 587 330 641 Veranlassung. —
149 642 1279 693 Nimmt man zu den Begriffen des Klanges die Erschei¬
54 707 1284 762 nungen der Combinationstöne und der Schwebungen hinzu,
56 763 1294 811 so bilden diese insgesammt die Grundlage für eine Theorie
57 826 352 877 der Dissonanz.
358 922 985 979 3. Tonicität und Phonicität.
150 1001 1286 1068 Die im Vorhergehenden kurz zusammengefassten Resul¬
61 1059 1297 1114 tate wendet nun Helmholtz an zur Untersuchung des
65 1122 894 1172 Wohlklanges der Intervalle und Accorde.
151 1179 1291 1233 Ein und dasselbe Intervall bringt verschiedenen Ein¬
65 1242 1296 1292 druck hervor, je nachdem einander gleiche oder verschiedene
56 1299 1287 1347 Instrumente in allen erdenkbaren Combinationen mit einan¬
64 1356 1289 1411 der verbunden werden, je nachdem dasselbe Intervall in tie¬
55 1419 1291 1468 ferer oder höherer Lage angegeben wird, ja selbst, je nachdem
58 1475 1296 1529 beim Gesange dieser oder jener Vocal erklingt. Helmholtz
65 1538 1298 1587 hat mit Hülfe des Fourierschen Satzes für die Violine die
66 1595 1292 1650 Störungen berechnet, die bei verschiedenen Intervallen durch
66 1659 1291 1707 die Schwebungen der sechs ersten und stärksten Obertöne ent¬
64 1715 1293 1771 stehen. Zwar ist nicht abzusehen, dass bei der Complicirtheit
65 1778 1292 1828 der Aufgabe jemals eine erschöpfende Behandlung derselben, so
62 1836 1289 1899 weit sie den praktischen Anforderungen entsprechen soll,
68 1899 1293 1948 wird ausgeführt werden können, von um so grösserem Werthe
61 1959 1285 2021 sind daher allgemeine Gesetze, die in das Chaos von Special¬
57 2016 1300 2076 fällen einen Einblick gewähren. — An diese Untersuchung
66 2074 1293 2131 anknüpfend, bringt Helmholtz eine nach dem Maass der
57 2135 1294 2195 Störung berechnete Reihe für den Wohlklang der Intervalle.
