1502 2450
784 104 866 156 30
211 212 1462 261 allgemein, nicht angeben. Zweitens ist der Einfluss der
210 267 1450 316 Schwebungen ein verschiedener, je nach der absoluten Ton¬
202 330 1451 379 höhe. Es können verschiedene Intervalle unter und mitein¬
205 387 1460 435 ander garnicht in Vergleich gezogen werden. Beispielsweise
206 450 1460 499 sind im Allgemeinen bei gleichbeschaffener Klangfarbe die
208 514 1462 565 Schwebungen des fünften und vierten Partialtones von e}′ und
206 579 1455 643 g' doppelt so gross als die von e} und g, weil letztere eine
214 642 1457 692 Octave tiefer liegen; der Wohlklang wäre demnach ein ver¬
200 714 1458 755 schiedener. Mit welcher von diesen beiden kleinen Terzen
205 771 1442 819 soll aber die kleine Decime e} g′ verglichen werden? Beach¬
210 827 1451 882 tet man ferner, dass den physiologischen Grundsätzen gemäss
213 888 1459 940 einer absoluten Anzahl von Schwebungen, 33, der höchste Grad
208 956 1456 1011 von Rauhigkeit entsprechen soll, so leuchtet unmittelbar ein,
206 1003 1443 1060 dass auf diesem Wege nicht das Characteristische eines In¬
210 1059 1454 1116 tervalles getroffen werden kann. Es muss aber zugestanden
212 1123 1451 1180 werden, dass jedem Intervalle seine Eigenthümlichkeit und
206 1182 1457 1236 seine harmonische Bedeutung verbleibt, ob es hoch oder tief
199 1243 1451 1301 gegriffen wird, ob es von diesem oder jenem Instrument er¬
206 1301 1446 1355 tönt, wie auch Helmholtz wiederholt zugiebt 1). Das man¬
199 1363 1449 1412 nigfach variirende Phänomen der Schwebungen und der Com¬
204 1419 1449 1475 binationstöne wird nicht in harmonischer, sondern nur in
199 1482 1447 1530 instrumentaler Hinsicht Berücksichtigung verdienen. Die
205 1540 1442 1604 Untersuchung erstreckt sich mehr auf einzelne, gesonderte Fälle,
202 1604 1443 1652 und was das Wichtigste ist, auf ein blos negatives, d. h. stö¬
197 1660 1449 1724 rendes Moment im Zusammenklange zweier Töne, während
210 1715 1447 1771 wir versuchen müssen, das jedwedem Intervall characteri¬
196 1785 1442 1843 stische positive Element aufzufinden. — Die ganze, diesen
208 1842 1448 1892 Gegenstand betreffende zweite Abtheilung seines Werkes hat
206 1908 1443 1954 auch Helmholtz mit einem negativen Ausdrucke „die
198 1954 1453 2011 Störungen des Zusammenklanges” bezeichnet, es giebt
206 2025 1443 2076 eigentlich keine Consonanz, sondern nur mehr oder
299 2187 781 2236 1) Helmholtz, l. c. p. 420.
