1502 2450
485 122 730 180 135
29 226 1256 291 tonart ist zwar ebenso statthaft, und wird ebenso häufig
25 291 1257 340 vorkommen, wie der umgekehrte Fall, die Modulation einer
26 354 1259 403 Dur - Tonart in das phonische Parallel - Geschlecht. Wenn
26 411 1246 460 aber dort für Sonaten, Symphonieen und überhaupt für grös¬
26 475 1250 523 sere Sätze die Modulation nach der Ober-Dominante beson¬
25 531 1252 579 ders bevorzugt wird, so wird es hier die nach der Unter-Reg¬
26 586 1248 644 nante sein. Das Hauptmotiv dafür wird das von Haupt¬
27 655 1250 711 mann für das Dursystem gegebene sein, hier im phonischen
27 707 1248 757 ist für die Ausweichung nach der unteren Seite eine Vorwärts¬
26 770 1255 820 bildung nothwendig, und der Schluss wird ein leichter als
19 827 1260 878 Rückkehr zur Phonica, dort aus g-dur zurück nach c-dur
27 884 453 939 durch die Klangfolge
25 1019 1168 1076 hier aus phon. a} zurück nach phon. e} durch die Folge
126 1148 1266 1203 Wirklich findet man, dass Beethoven, Mozart und
28 1207 1260 1267 namentlich Schumann bei weitem öfter in Mollsätzen nach
26 1267 1055 1324 der unteren Seite moduliren, als nach der oberen.
121 1324 1255 1387 Wenn hiernach das phonische Geschlecht (und ebenso
21 1394 1255 1442 die Molltonart) nicht mit Fesseln oben gedachter Art behaf¬
26 1451 1253 1506 tet ist, so erwächst im Widerspruch gegen die bisherigen
31 1510 1244 1563 Theorieen für die Modulation ein weiterer Gesichtskreis.
26 1563 1250 1620 Hauptmann 1) sagt: „Nach der vorhergegangenen Betrach¬
28 1634 1261 1680 tung wird aber überhaupt jede Tonart, welche gegen eine
30 1692 1265 1739 andere chromatisch erhöhte Töne enthält, sich zu dieser als
26 1748 1253 1803 eine gesteigerte, gespanntere verhalten; eine Tonart, die
22 1812 1257 1859 sich durch chromatisch vertiefte Töne von einer andern un¬
29 1868 1243 1918 terscheidet, gegen diese auch selbst als eine vertiefte ruhi¬
24 1936 789 1995 gere, weniger gespannte erscheinen”.
111 1986 1254 2043 Dieser Ausspruch verstösst gegen den ganzen Gegen¬
30 2050 1262 2100 satz in der Generation der Tongeschlechter. War eben das
115 2218 626 2261 1) Hauptmann l. c. pag. 187.
