1502 2450
648 123 707 179 13
151 220 1297 283 Nur mit den beiden ersten werden wir es zu thun
56 283 1285 339 haben 1). Die Schwingungszahlen aller übrigen in der Mu¬
54 350 1299 395 sik gebräuchlichen Intervalle in reiner Stimmung sind durch
57 402 1089 452 die vorstehend angeführten Verhältnisse bestimmt.
164 459 1294 515 Um diese Schwingungszahlen und die Stimmung gege¬
62 523 1292 572 bener Zahlen an ihrem Zeichen zu erkennen ersann Haupt¬
54 594 1291 635 mann eine besondere Schreibweise, die später von Nau¬
53 648 1296 707 mann 2), dann auch von Helmholtz 3) in consequenter
59 699 1305 754 Weise verbessert wurde. Da der Gebrauch dieser Zeichen
53 763 1302 812 noch nicht allgemein geworden, so werde ich dieselbe hier
63 835 1304 876 systematisch darthun. Nur eine geringe Modifikation werde
55 883 1298 933 ich einführen, die sich selbst durch ihre Zweckmässigkeit
61 940 1298 995 rechtfertigen wird. Da nämlich die verschiedenen Octaven
63 1005 1301 1060 eines und desselben Tones durch grosse und kleine ein und
67 1074 1293 1124 mehrmal gestrichene Buchstaben bezeichnet zu werden pfle¬
62 1123 1297 1188 gen, und es wünschenswerth erscheint, auch mehrstimmige
57 1180 1297 1244 über mehre Octaven gehende Accorde in reiner Stimmung
62 1243 1297 1292 schreiben zu können, so bringe ich folgende Bezeichnung in
67 1299 1290 1364 Vorschlag: Wir gehen von einem festen Tone c aus, der,
66 1363 1304 1421 je nach der Tonhöhe in bisher üblicher Weise die Formen
69 1419 1298 1476 C‚‚, C‚, C, c, c′, c″, c‴, etc. annehmen kann. Betrachten
61 1482 1299 1524 wir blos die Beziehungen dieses Tones zu andern, ohne Be¬
61 1539 1304 1594 rücksichtigung der absoluten Tonhöhe, so schreiben wir ohne
68 1604 1302 1652 weiteres c, und ebenso bezeichnen wir das System reiner
68 1659 1291 1715 Quinten, das von c hergeleitet wird, mit kleinen Buchstaben.
67 1715 1291 1771 Setzen wir c = 1, so besitzen die Töne dieses Systemes rei¬
71 1779 1296 1829 ner Quinten die Schwingungszahlen 3n. 2x wo n und x be¬
61 1842 1298 1893 liebige positive oder negative Zahlen sein können. Denken
69 1899 1309 1947 wir uns ferner zwei andere Systeme unter sich reiner
73 1963 1307 2014 Quinten, fügen aber bei dem einen drunter, bei dem anderen
170 2114 1270 2156 1) Den Unterschied für andere Intervalle s. Helmholtz l. c. pag. 481.
166 2154 606 2213 2) Naumannn l. c. p. 32.
168 2212 622 2264 3) Helmholtz l. c. p. 428.
