1502 2450
671 107 836 164 289
104 211 1342 261 zu sein braucht, sondern selbst drei, vielleicht auch noch
98 266 1334 324 mehr Klänge vertreten kann, so sieht man leicht, dass die
102 324 1323 386 Theorie für die complicirten Klangfolgen und Dissonanzauf¬
106 378 1332 436 lösungen nicht leicht das Gesammtgebiet der praktischen
99 443 1331 491 Musik erschöpfen kann. Namentlich aber wird es dem Theo¬
103 514 1329 564 retiker schwer werden, eine Grenze zu ziehen zwischen dem,
109 562 1336 611 was berechtigte Klangfolge ist, und was absolut unverständ¬
109 619 1339 675 lich und verwerflich erscheint. Für den Componisten liegt
105 683 1342 747 hierin keineswegs ein Triumph. Seinem Genius mag er
102 739 1341 794 folgen, aber diejenige Schranke, die allein ihm ein Recht
103 803 1334 859 giebt, gehört werden zu wollen, die müsste er preisen.
105 859 1341 908 Leider ist es eben in der Musik, — anders als in der
104 915 1338 971 Dichtkunst, — schwerer zu entscheiden, was Sinn, und was
106 979 1345 1028 keinen Sinn hat. Auch in einer Dichtung mag Manches „gut
106 1035 1334 1082 klingen”; — dass das nicht genügt, bedarf wohl keiner Er¬
99 1094 1339 1148 läuterung. Ich würde in keiner Schreibweise folgende Zeile
105 1155 1339 1204 verständlich wiederzugeben vermögen, und ich hoffe, dass
104 1211 1325 1271 Theoretiker und Praktiker darin übereinstimmen werden,
102 1273 1344 1321 dass die Sequenz, wenigstens in vorliegender Schreib¬
104 1338 1237 1396 weise, ganz und gar einer Berücksichtigung unwerth:
300 1394 832 1458 „Prometheus-Ouvertüre:”
205 1675 1332 1724 Man lasse von vier Männerstimmen diese neun Takte
103 1738 1338 1794 singen! Ueber die Tonhöhe wird jeder Sänger ebenso wenig
104 1795 1331 1850 wissen, wie — vielleicht — der berühmte Componist selbst 1).
212 1955 1340 1996 1) Herr Weitzmann rechtfertigt diese Stelle. s. C. F. Weitzmann
100 1995 1329 2043 „Neues Harmoniesystem”. Gekrönte Preisschrift. Leipzig, bei Kahnt (ohne Jahres¬
97 2051 1337 2091 zahl). Nach Weitzmann sind alle Probleme der theoretischen Musik gelöst.
102 2082 1330 2123 Denn was man nicht erklären kann, das sehe man als eine „Verzögerung” an.
105 2121 1340 2172 „Jedem consonanten Accorde kann jeder andere consonante Accord
101 2169 259 2220 folgen!”
