1502 2450
795 115 965 171 152
230 219 1438 268 Wir werden sogleich diese Art der Fortschreitung behan¬
233 276 1446 333 deln, sie enthält keinen Gegensatz mehr des tonischen und
230 340 1442 404 phonischen Ausdruckes ein und desselben Klanges, son¬
229 408 1440 452 sondern ein doppeltes Fortschreiten. — Besonders interes¬
223 470 1008 523 sant aber ist die Deutung der Folge:
235 707 1445 759 Wir haben hier wiederum einen antinomen Quintschritt.
223 772 1445 819 Unerklärlich bliebe der Unterschied zwischen dieser so leicht
228 841 1161 892 verständlichen Klangfolge und der folgenden:
225 1093 1447 1156 wenn wir nicht wüssten, dass wir jetzt einen ton. f, dann
227 1169 1450 1214 einen phon. d}-Klang vor uns hätten, also einen Schritt in
221 1226 1438 1276 die kleine Unterterz, und dieses Intervall enthält nicht mehr
222 1282 1441 1330 die einfache Beziehung, wie das der Quinte. Nach der to¬
222 1347 1449 1396 nischen Deutung der Mollaccorde folgen sich zwei um eine
226 1395 1442 1451 Secunde entfernte Klänge, deren Verständniss nicht verschie¬
230 1458 559 1516 den sein dürfte.
331 1518 1443 1571 Nachdem wir auf diese Weise alle Klangfolgen die durch
222 1592 1446 1627 einen Wechsel des Ausdruckes ein und desselben Tones er¬
223 1636 1448 1691 möglicht wurden, erschöpft haben, suchen wir auf systema¬
221 1699 1443 1747 tische Weise noch andere nächstverwandte Schritte auf, indem
229 1755 1445 1811 wir alle fortschreitenden Klangfolgen innerhalb des combi¬
222 1825 1444 1875 nirten tonischen und phonischen Systems ausführen, und den
230 1875 1450 1933 Uebergang zu den Accorden suchen, die im tonischen System
222 1934 1435 1989 nicht vorkommen. Auf diese Weise erhalten wir, ohne wei¬
218 2001 1006 2051 tere Rücksicht auf die Stimmführung:
