1502 2450
555 130 825 178 121
66 226 1302 282 Gefühl einer Erweiterung im Vergleich mit der vorher ge¬
58 290 1300 340 hörten „eingeengten” Septime, und jeder gute Geiger
66 347 1297 404 wird bei sorgfältiger Intonation diesem Gefühl einen Aus¬
65 418 1311 468 druck verleihen, indem er eben fis}} etwas höher greift, als
60 477 1307 540 vorher ges{. Hört man die Stelle auf dem Klavier, so wird
67 540 1306 596 erst durch das von einer Mittelstimme festgehaltene d} die
58 602 1300 660 neue Wendung bemerkbar werden”. Der Eindruck mag rich¬
62 667 1298 723 tig geschildert sein und geübte Geiger mögen versichern,
67 731 1304 788 dass sie das fis}} höher greifen, daraus folgt noch nicht, dass
72 801 1302 843 wirklich eine erhöhte Intonation stattgefunden hat. — Sehr
63 851 1305 899 interessant wären Versuche dieser Art auf reingestimmten
65 914 430 963 Tastinstrumenten.
