1502 2450
777 91 869 150 28
298 196 1456 242 In welchem Sinne das Wort „Wohlklang” gefasst wer¬
197 260 1455 307 den muss, geht indess, wie ich meine, nicht evident aus
202 318 683 364 der Darstellung hervor.
300 371 1459 429 Helmholtz betrachtet nämlich zuerst nur die Obertöne
195 436 1451 485 zweier Klänge und berechnet nach gewissen Bedingungen
193 498 1445 541 deren Schwebungen. Er gelangt hierbei zu dem werthvol¬
200 555 1450 604 len Satze: „dass ein jedes Intervall durch die Nähe der in
195 611 1451 676 der Tonleiter benachbarten Consonanzen gestört werde, und
194 674 1450 723 zwar um so mehr, je niedriger und stärker die Obertöne
200 730 1456 786 sind, welche das störende Intervall durch ihre Coïncidenz
194 795 1450 843 characterisiren, oder was dasselbe sagt, je kleinere Zahlen
203 850 1448 905 das Schwingungsverhältniss desselben ausdrücken 1)”. Dieser
201 913 1450 964 Satz dürfte vor Allem geeignet sein, das pythagoräische
196 972 1450 1028 Prinzip von der Rationalität der Schwingungsverhältnisse zu
204 1034 1440 1084 begründen. Hiernach geht Helmholtz über zur Unter¬
203 1097 1452 1148 suchung der Combinationstöne (pag. 325), und ordnet die
198 1147 1444 1204 Accorde, je nachdem sie mehr oder weniger störende Com¬
200 1210 1450 1266 binationstöne besitzen. Es ergiebt die bezügliche Unter¬
205 1268 1452 1327 suchung eine von der vorhergehenden zwar nicht bedeutend,
202 1330 1446 1379 aber immerhin doch merklich abweichende Reihenfolge für
194 1386 1451 1443 den Wohlklang der Intervalle (pag. 330); die grosse Terz
202 1450 1440 1496 wird der grossen Sexte vorgezogen, weil letztere einen Com¬
204 1506 1439 1562 binationston hat, der nicht mit einem der Intervalltöne über¬
205 1569 1443 1618 einstimmt. Endlich auf pag. 332 bis 338 wird der Wohl¬
196 1627 1445 1676 klang der Accorde mit nur beiläufiger Berücksichtigung der
202 1682 1446 1738 Güte der Intervalle, ausschliesslich durch den Grad der Stö¬
189 1747 1367 1795 rung bestimmt, den die Combinationstöne hervorbringen.
305 1803 1438 1859 Mir scheint in dieser Untersuchung ein zu grosses Ge¬
202 1867 1449 1924 wicht auf die Existenz dieser letzteren, ein zu geringes auf
196 1935 1444 1988 die Schwebungen und die Natur der einzelnen Intervalle ge¬
192 1986 1441 2074 legt zu sein; dann aber, glaube ich, müssen noch andere Um¬
293 2177 813 2237 1) Helmholtz, l. c. pag. 285.
