1502 2450
639 97 749 162 287
768 158 834 2125 Im 7. Takte der ersten Zeile wird man lieber e} statt es{ nehmen wollen. Beides ist statthaft,
839 158 900 2278 der Ton e} aber würde nicht nach phonisch c, sondern nach halbphonisch c führen. Auch mir klingt
899 155 965 2283 e} gefälliger, offenbar, weil halbphonisch c (oder F-moll) mir leichter verständlich oder gewohnter ist.
959 155 1031 2280 Umgekehrt aber befriedigt im Spiegelbilde entschieden der zu ton. e} gehörenden Ton cis}}; denn c, zu
1039 160 1102 2280 halbtonisch e} gehörig, führt in ein in der europäischen Musik nicht anerkanntes gemischtes Geschlecht.
1111 159 1171 2279 Dieselben Bemerkungen beziehen sich auf den Ton b der ersten, und fis} der zweiten Zeile im 8. Takte.
1176 153 1239 2275 Umgekehrt wiederum greifen wir im 2. Takte der letzten Zeile vielleicht lieber ais}} statt a}, nicht aber
1239 1270 1310 2280 im Spiegelbilde, in der ersten Zeile ges} statt g.
