1502 2450
751 123 885 179 20
527 267 1054 339 2. Begriff des Klanges.
273 347 1414 410 „Wenn man nach einander dieselbe Note von einem
163 411 1411 459 Claviere, einer Violine, einer Clarinette u. s. w. angegeben
169 468 1422 515 hört, so ist trotz gleicher Stärke und gleicher Tonhöhe der
168 523 1413 580 Klang verschieden”. „Da die Weite der Schwingung der
166 586 1414 644 Stärke, die Dauer derselben der Tonhöhe entspricht, so bleibt
173 642 1413 697 keine andere Möglichkeit übrig, als dass die Klangfarbe ab¬
173 706 1412 756 hänge von der Art und Weise, wie die Bewegung innerhalb
170 763 1416 827 jeder einzelnen Schwingungsperiode vor sich geht”. Man
170 818 1404 874 unterscheidet einfache und zusammengesetzte Schwin¬
176 883 1408 948 gungen oder Schwingungsformen. Beide Arten der Bewe¬
175 953 1408 1004 gung haben das mit einander gemein, dass nach einer ge¬
174 1004 1406 1050 wissen Zeit, ganz dieselbe Bewegung von neuem beginnt.
179 1059 1410 1106 Während jeder Schwingungsdauer kann die Bewegung aber
179 1113 1409 1172 eine sehr mannigfache sein. Das Pendel giebt uns ein Bild
177 1179 1407 1228 einer einfachen Schwingung, ein langsam gehobener Ham¬
177 1251 1405 1300 mer, der langsam aufsteigt, schnell niederfällt, um immer
174 1299 1408 1346 von neuem in derselben Art das Spiel zu beginnen, das ei¬
174 1355 1145 1411 ner zusammengesetzten periodischen Bewegung.
278 1419 1413 1468 Auf einer Wasserfläche sieht man oft zwei einfache
183 1474 1414 1532 Wellen sich von verschiedenen Punkten aus fortpflanzen. Da,
177 1539 1412 1587 wo sie sich kreuzen, ist die Bewegung des Wassers gleich
175 1595 1408 1647 der Summe zweier einfacher Bewegungen, d. h. eine zusam¬
175 1651 1406 1716 mengesetzte. — Es können beliebig viele einfache Wellen,
179 1715 1419 1760 wie auf dem Wasser, so auch in der Luft zugleich erregt
181 1781 1401 1836 werden. Jede einfache Welle pflanzt sich ungestört fort.
176 1835 1412 1883 An jeder Stelle aber ist die Bewegung eine sehr complicirte.
176 1889 1410 1955 Sie ist nicht mehr eine bloss hin- und hergehende, auf- und
176 1961 1413 2012 gleichmässig absteigende; doch aber wiederholt sich nach
179 2010 1423 2075 Ablauf einer Schwingungsdauer dieselbe zusammengesetzte
179 2073 639 2131 Bewegung von neuem.
281 2131 1417 2179 Die Klangfarbe ist bedingt durch die Schwingungsform.
175 2187 1420 2244 Das Ohr, von periodischen Schwingungen getroffen, „hört
