1502 2450
662 123 914 172 280
179 235 1428 291 greifend zu e}0. Die faktische Auflösung fordert aber die
180 299 1424 356 Deutung f — a} = f+. Nun beginnt dieselbe Sequenz mit
179 363 1415 410 vollem Recht und grosser Wirkung im fünften Takte wiede¬
174 427 1417 491 rum mit e}+ und zwar, abgesehen von der Lage der Stimmen,
169 499 1430 547 mit dem zu halbphonisch e} gehörigen Dominantaccorde auf
172 564 559 628 e}, dessen Deutung
274 698 1429 756 Die obige Klanganalyse führt das Gehör nur dann aus,
178 763 1424 817 wenn man mit der Sequenz sehr bekannt ist. Ich gestehe,
179 819 1414 875 dass mir anfänglich eine unverständliche Tonfolge vorzulie¬
173 889 1425 948 gen schien. Namentlich der Ton a} erschien mir absolut
175 959 1417 1011 diskordant. Jetzt behaupte ich, das a} vollkommen rein er¬
178 1012 1417 1068 fassen, ja intoniren zu können. Die Auflösung nach c+ er¬
177 1081 1412 1131 scheint mir sogar verständlicher, als die andere nach e+,
185 1143 1425 1194 dann e}0. Immer aber behält die Wiederaufnahme von
181 1202 695 1276 e}+ + a}0 seine Wirkung.
278 1268 1426 1322 Ich habe auch das Spiegelbild jener Harmoniefolgen
177 1341 1420 1396 untersucht, und glaube, dass, — weil jetzt die Schwingungs¬
185 1388 1414 1444 zahlen sämmtlicher Töne reciprok sind, — auch die reci¬
188 1455 1412 1516 proke Erklärung, wenn ich so sagen darf, statthaft ist.
179 1507 1418 1564 Ohne Rücksicht auf die Lage der Stimmen setze ich die
177 1575 548 1635 Gegenbilder her:
289 2059 1420 2104 Wie in der ersten Zeile das a im dritten Takte, ebenso
189 2126 1413 2171 unvermittelt klingt das g in der zweiten Zeile. Der vierte
191 2187 1415 2235 Takt an sich ist gewiss verständlich. Wie oben e}, so ist
