1502 2450
767 107 892 167 24
181 215 1426 274 gung versetzt werden”, die Cortischen Fasern scheinen
177 284 1428 332 gleichsam verschieden gestimmt zu sein, und einer regelmäs¬
184 338 1429 379 sigen Stufenfolge durch die musikalische Skala hindurch zu
178 386 1431 442 entsprechen. Helmholtz schätzt etwa 400 Fasern auf das
185 451 1421 497 Intervall einer Octave. Solche Körper, deren Töne, ein¬
181 508 1426 568 mal erregt, schnell verklingen, z. B. aufgespannte Membranen,
182 571 1431 619 oder leichte Saiten, zeigen ebenfalls die Erscheinung des
179 628 1435 676 Mittönens, sie werden aber von ziemlich verschiedenartigen
179 690 1430 738 Tönen bewegt. „Wenn ein Ton angegeben wird, dessen
181 746 1426 794 Höhe zwischen der von zwei benachbarten Cortischen Fa¬
183 811 1422 867 sern liegt, so wird er beide in Mitschwingung versetzen,
185 866 1354 931 diejenige aber stärker, deren eigenem Tone er näher liegt” —
228 924 1429 988 „Wird nun ein einfacher Ton dem Ohre zugeleitet, so müs¬
178 987 1426 1036 sen diejenigen Fasern, die mit ihm ganz oder nahehin im
178 1042 1426 1100 Einklang sind, stark erregt werden, alle andern schwach
185 1106 517 1163 oder gar nicht”.
319 1163 1430 1218 „Wenn ein zusammengesetzter Klang oder ein Accord
186 1227 1414 1277 dem Ohre zugeleitet wird, so werden alle diejenigen elasti¬
185 1282 1416 1332 schen Gebilde erregt werden, deren Tonhöhe den verschie¬
186 1340 1420 1396 denen in der Klangmasse enthaltenen einzelnen Tönen ent¬
186 1404 1420 1453 spricht, und bei gehörig gerichteter Aufmerksamkeit werden
190 1459 1421 1515 also auch alle die einzelnen Empfindungen der einzelnen ein¬
183 1523 1428 1568 fachen Töne einzeln wahrgenommen werden können. Der
186 1579 1432 1635 Accord wird in seine einzelnen Klänge, der Klang aber in
185 1650 1424 1691 seine einzelnen harmonischen Töne zerlegt werden müssen”.
292 1699 1433 1747 Die soeben vorgeführte Hypothese über die Funktion
186 1755 1431 1811 der Cortischen Fasern giebt einen sicheren Anhaltspunkt
184 1820 1423 1866 für die Art und Weise, wie man sich die Klanganalyse vor¬
192 1889 1423 1932 zustellen habe. Im Gegensatz zu dieser Thätigkeit ist das
184 1938 1429 1996 Zusammenfassen der einzelnen Partialtöne in einen Klang
189 1995 1431 2050 von bestimmter Qualität jedenfalls ein psychischer Act, „eine
195 2060 1428 2107 Wahrnehmung”; der Elemente der letzteren werden wir uns
186 2114 1436 2172 nur mit beabsichtigter Aufmerksamkeit bewusst. Helmholtz
183 2187 1435 2244 macht übrigens mit Recht darauf aufmerksam, dass selbst
