1502 2450
681 115 922 172 246
189 220 1429 276 phonischer um einen Quintschritt von einander abstehender
181 275 1418 330 Klänge, der phonische Dreiklang eine Summe zweier toni¬
182 338 480 402 scher Klänge
281 526 1427 588 Man sieht, wie auf diese Weise die partiellen phoni¬
185 587 1429 635 schen Obertöne und tonischen Grundtöne, wie wir sie Seite
188 644 1430 692 36 kennen lernten, zur Geltung kommen. In erhöhtem
180 706 1430 753 Maasse finden solche Umwandlungen bei complicirten Disso¬
181 763 1421 812 nanzen statt, wo zugleich mehrfach Stimmungsänderungen
186 820 983 876 oder enharmonische Wechsel eintreten.
280 882 1428 927 Untersuchen wir noch die vorzüglichsten Vorhaltsdisso¬
181 939 1419 989 nanzen, vor Allem die in der Kirchenmusik häufig vorkom¬
178 1008 1270 1059 menden Halbtondissonanzen, deren es mehrere giebt
282 1402 1426 1452 Dieselben Folgen unterliegen einer anderen ebenso ein¬
186 1458 1437 1509 fachen, aber merkwürdigen Deutung, sobald sie nicht wie
181 1523 1443 1580 hier im ton. c- und phon. e}-System vorkommen, sondern in
182 1586 1428 1635 den gemischten Geschlechtern von halbtonisch c und halb¬
187 1665 1441 1715 phonisch e} (letztere ist die instrum. Molltonleiter). In diesen
175 1723 1444 1767 Systemen existirt kein und f+ resp. h}0, desshalb müssen
189 1786 437 1836 wir setzen:
