1502 2450
518 123 748 172 113
156 226 1300 281 Nicht blos die Harmonieen auch die Melodieen
54 283 1298 339 sind schwankend und veränderlich. In dem Choral „Wer
51 347 1297 396 nur den lieben Gott lässt walten” sieht man noch jetzt
56 408 742 467 vielfach die ursprüngliche Weise:
152 859 1288 920 In vielen Kirchen wird im vierten Takte noch richtig das f
55 915 1293 979 gesungen, im siebenten gewiss nicht mehr, wenn nicht vielleicht
55 978 1290 1030 doch bei weniger entwickelten Nationen. In den Choral¬
54 1044 1296 1092 büchern sind die Lesearten verschieden. Layriz schreibt
59 1099 1297 1172 fis} im 4. Takt, ebenso Bach 1) ohne Ausnahme. Ebenso
55 1169 1301 1220 oft kommt das f vor. So z. B. bei Brenner 2) und bei
54 1227 1288 1275 Punchel 3). Wedemann bringt denselben Choral zweimal
60 1293 607 1347 und zwar nur in Dur! 4)
158 1443 1298 1490 1) J. S. Bach „371 vierstimmige Choralgesänge”. Leipzig bei Breitkopf
49 1490 238 1532 und Härtel.
150 1533 1285 1588 2) F. Brenner „Choralbuch für vier Männerstimmen”, Dorpat 1862.
60 1579 442 1629 Verlag von E. J. Karow.
154 1634 1289 1676 3) J. L. E. Punschel „Evangelisches Choralbuch”. Sechste Auflage.
56 1667 241 1716 Reval 1862.
154 1723 1294 1766 4) Einer esthnischen kirchlichen Gemeindeversammlung könnte man mit
55 1769 1281 1822 dem stärksten Orgelwerk das fis} spielen, es würde mit grosser Sicherheit f} intoni¬
55 1813 1283 1860 ren. Der Choral „Höchster Priester, der Du Dich” hat in dritter Strophe eine
58 1858 535 1916 der obigen ganz analoge Stelle:
156 2099 1299 2147 Bei einer Aufführung der esthnischen Sänger in hiesiger Dorpater Marienkirche
60 2139 1288 2203 hörte ich kürzlich diesen Choral singen. Die Begleitung gab hell und laut: dis}};
62 2210 627 2252 aber eben so fest sang der Sopran d.
