1502 2450
679 147 842 204 5
83 257 1331 307 prägenden Regel die Schwingungszahlen erkennen lässt. —
87 307 1332 364 Hieran knüpft sich eine einleitende Betrachtung über den
103 372 1321 427 Wohlklang der Intervalle, in welcher Helmholtz’s Forschun¬
90 436 1335 499 gen erörtert werden und aus welcher sich ergiebt, dass als
90 491 1330 540 Grundlage für die Theorie die von ihm aufgestellten Gesichts¬
88 554 1327 611 punkte nicht ausreichen können. Auf Grund der von ihm
90 610 1321 667 gefundenen Thatsachen wird dagegen versucht ein neues Prin¬
86 682 1331 732 zip aufzustellen, welches im Keim den ganzen Gegensatz
85 737 1325 795 dualer Entwickelung in aller Musik in sich birgt. Eine
86 787 1329 844 kurze mathematische Behandlung der Schwingungszahlen be¬
85 851 1322 908 zieht sich auf die doppelte Verwandtschaft je zweier Klänge,
86 906 609 964 und lehrt dieselbe finden.
196 971 1326 1020 Der zweite Abschnitt behandelt die Construction der
88 1027 1324 1083 normalen Tonsysteme, die Normalcadenzen und consonanten
90 1090 255 1139 Gebilde.
197 1147 1332 1196 Im dritten werden die Klangfolge und die Grundsätze
80 1217 1175 1259 der Modulation in nahverwandte Systeme untersucht.
187 1266 1331 1316 Im vierten Abschnitt wird ein neuer Gesichtspunkt
85 1323 1316 1387 für den Verwandtschaftskreis eines Tonsystems gefunden,
81 1389 1330 1445 und wie in den vorigen Theilen, so auch hier ein consequent
89 1447 1316 1508 duales System aufgebaut. Zwei ihrem Wesen nach grund¬
90 1507 1324 1556 verschiedene Arten der Verwandtschaft, die wir parallele
83 1579 1331 1620 und reciproke nennen, werden unterschieden, und die Grenze
91 1626 520 1691 derselben festgestellt.
192 1682 1324 1739 Im fünften Abschnitte werden die gemischten Tonsy¬
85 1749 1330 1795 steme behandelt, unter diesen das Mollsystem gefunden und
82 1802 1323 1859 hergeleitet. Es ergeben sich hiebei nur vier haltbare Sy¬
80 1875 1321 1924 steme. Ein Vergleich mit den altgriechischen Tongeschlech¬
81 1924 1321 1974 tern lehrt, dass im Geiste unserer Theorie, und auf Grund¬
86 1986 1326 2035 lage der ganzen dual-gegensätzlichen Herleitung unsere vier
81 2044 1324 2103 Systeme jene der Griechen umfassen, ja selbst reicher als
85 2106 292 2164 jene sind.
181 2163 1328 2212 Im letzten Abschnitt wird die Theorie der Dissonanz
80 2227 1326 2275 und ihrer Auflösung entwickelt. Dieser Theil der Arbeit
