1502 2450
613 146 728 204 181
152 243 1272 300 Um den Reichthum an Symmetrie besser zu veranschau¬
53 307 1279 371 lichen, will ich noch die veränderte Bedeutung aller Klänge
53 364 1279 420 eines d-Systems in homonom verwandten Geschlechtern hier
55 436 1283 483 aufnehmen. Wenn gewisse Klänge nur als Nebengebilde in
55 483 1281 539 einer Tonart auftreten, so ist der Name dieser letzteren in
54 547 637 595 kleinerer Schrift verzeichnet.
154 1579 1273 1644 Das vollkommene Spiegelbild gilt für die homonome,
58 1644 1277 1699 phonisch-phonische Verwandtschaft. Bei der antinomen Ver¬
60 1698 1273 1748 wandtschaft dagegen sind die Klänge je zweier Horizontal¬
51 1754 882 1826 reihen nicht reciprok, sondern identisch.
148 1826 1288 1876 Man kann diese vorliegende Tabelle nach oben und
53 1883 1288 1937 unten ins Unendliche fortsetzen, und erhält, sobald man je
57 1946 1285 1995 fünf Zeilen zusammenfasst, die Verwandtschaft irgend eines
55 2003 1057 2057 Tones dreier unendlich weiter Quintgenerationen.
156 2075 1273 2123 Ich möchte es dem Leser überlassen, auf der folgen¬
54 2130 1281 2180 den Tabelle sich zurecht zu finden. Nach dem Vorhergehen¬
54 2189 1276 2252 den ist sie vollständig verständlich, allerdings aber auch un¬
