1502 2450
555 122 834 171 259
168 440 1296 500 Diese vier Nonenaccorde können offenbar auch nach a0
62 507 1294 563 (1 u. 3) resp. nach g+ (2 u. 4) befriedigend aufgelöst werden.
67 562 1002 627 Man nehme statt fis} — f{ und statt b{ — h}.
170 666 1305 723 Nicht so die Nonenaccorde der reinen Geschlechter,
66 722 1304 772 deren Klanganalyse keine zweifache Auflösung (in den Dur-
72 788 1302 835 und den gleichnamigen Mollaccord nach gewöhnlichem Sprach¬
65 843 480 908 gebrauch) gestattet.
169 1537 1296 1587 Diese gestatten nur eine Lösung, weil der Doppel¬
61 1594 1303 1651 klang nur eindeutig fortzuschreiten vermag. Aehn¬
64 1650 1300 1707 liche Schlussfolgerungen gelten für den zweistimmigen Satz.
63 1716 373 1779 Die Auflösung
64 2108 1309 2171 ist doppeldeutig. Das Intervall d — a kann als d+ oder
70 2181 1271 2235 als a0 gedeutet werden, und ähnlich das andere g — d.
