<?xml version="1.0" encoding="UTF-8" standalone="yes"?>
<PcGts xmlns="http://schema.primaresearch.org/PAGE/gts/pagecontent/2013-07-15" xmlns:xsi="http://www.w3.org/2001/XMLSchema-instance" xsi:schemaLocation="http://schema.primaresearch.org/PAGE/gts/pagecontent/2013-07-15 http://schema.primaresearch.org/PAGE/gts/pagecontent/2013-07-15/pagecontent.xsd">
    <Metadata>
        <Creator>prov=University of Rostock/Institute of Mathematics/CITlab|PLANET AI GmbH/Gundram Leifert/gundram.leifert@planet-ai.de:name=ONB_Newseye_GT_M1+(htr_id=10810)::::v=2.6.7
prov=University of Rostock/Institute of Mathematics/CITlab|PLANET AI GmbH/Tobias Gruening/tobias.gruening@planet-ai.de:name=de.uros.citlab.module.baseline2polygon.B2PSeamMultiOriented:v=2.6.7
prov=University of Rostock/Institute of Mathematics/CITlab|PLANET AI GmbH/Tobias Gruening/tobias.gruening@planet-ai.de:name=/net_tf/LA73_249_0mod360.pb:de.uros.citlab.segmentation.CITlab_LA_ML:v=2.6.7
Transkribus</Creator>
        <Created>2021-03-18T14:22:17.697+01:00</Created>
        <LastChange>2021-05-29T21:24:00.606+02:00</LastChange>
        <TranskribusMetadata docId="738836" pageId="28121888" pageNr="289" tsid="61992368" status="NEW" userId="74363" imgUrl="https://files.transkribus.eu/Get?id=VEYHFJNAWVRVYVWIMVENGEEP&amp;fileType=view" xmlUrl="https://files.transkribus.eu/Get?id=EOQIRLFQWNFNIQDWOZUDZVHQ" imageId="21905258"/>
    </Metadata>
    <Page imageFilename="Oettingen_Harmoniesystem_in_dualer_Entwickelung-0298.jpg" imageWidth="1502" imageHeight="2450" type="content">
        <ReadingOrder>
            <OrderedGroup id="ro_1631119974862" caption="Regions reading order">
                <RegionRefIndexed index="0" regionRef="TextRegion_1621433719551_3765"/>
                <RegionRefIndexed index="1" regionRef="TextRegion_1621433719551_3764"/>
                <RegionRefIndexed index="3" regionRef="TextRegion_1621433714850_3756"/>
                <RegionRefIndexed index="5" regionRef="TextRegion_1621433702780_3746"/>
            </OrderedGroup>
        </ReadingOrder>
        <TextRegion orientation="0.0" type="page-number" id="TextRegion_1621433719551_3765" custom="readingOrder {index:0;} structure {type:page-number;}">
            <Coords points="76,121 1318,121 1318,196 76,196"/>
            <TextLine id="r1l1" custom="readingOrder {index:0;}">
                <Coords points="635,168 649,167 656,173 683,168 688,172 706,168 711,172 733,171 748,157 769,156 768,139 753,140 735,124 719,122 657,123 645,136 633,137"/>
                <Baseline points="643,161 672,161 702,159 731,156 761,155"/>
                <TextEquiv>
                    <Unicode>279</Unicode>
                </TextEquiv>
            </TextLine>
            <TextEquiv>
                <Unicode>279</Unicode>
            </TextEquiv>
        </TextRegion>
        <TextRegion orientation="0.0" type="paragraph" id="TextRegion_1621433719551_3764" custom="readingOrder {index:1;} structure {type:paragraph;}">
            <Coords points="76,196 1318,196 1318,545 76,545"/>
            <TextLine id="r1l2" custom="readingOrder {index:0;}">
                <Coords points="69,273 1316,275 1317,227 69,219"/>
                <Baseline points="77,261 138,261 200,262 261,262 323,262 385,262 446,262 508,263 569,263 631,263 693,263 754,264 816,264 877,264 939,265 1001,265 1062,265 1124,266 1185,266 1247,266 1309,266"/>
                <TextEquiv>
                    <Unicode>Takte beginnt ganz dieselbe Sequenz vom Dominantaccord auf</Unicode>
                </TextEquiv>
            </TextLine>
            <TextLine id="r1l3" custom="readingOrder {index:1;} textStyle {offset:0; length:1;italic:true; fontSize:0.0; kerning:0;} textStyle {offset:42; length:2;italic:true; fontSize:0.0; kerning:0;}">
                <Coords points="73,340 1322,345 1268,291 73,306"/>
                <Baseline points="81,330 142,330 204,331 266,331 327,331 389,331 451,331 512,331 574,332 636,332 698,332 759,332 821,333 883,333 944,333 1006,334 1068,334 1129,334 1191,335 1253,335 1315,336"/>
                <TextEquiv>
                    <Unicode>e} aus und löst sich im achten Takte nach es{-dur auf. Man</Unicode>
                </TextEquiv>
            </TextLine>
            <TextLine id="r1l4" custom="readingOrder {index:2;}">
                <Coords points="68,411 1314,402 1257,362 68,366"/>
                <Baseline points="76,402 137,401 199,401 260,400 322,400 383,400 445,400 506,400 568,400 629,400 691,400 752,401 814,401 875,401 937,401 998,401 1060,401 1121,401 1183,401 1244,401 1306,401"/>
                <TextEquiv>
                    <Unicode>bemerke zunächst, dass der dritte und vierte Takt ganz die¬</Unicode>
                </TextEquiv>
            </TextLine>
            <TextLine id="r1l5" custom="readingOrder {index:3;}">
                <Coords points="69,471 1313,484 1313,443 1200,418 69,436"/>
                <Baseline points="77,462 138,461 199,461 261,460 322,460 384,460 445,460 507,460 568,460 630,460 691,460 752,460 814,460 875,461 937,461 998,462 1060,462 1121,463 1183,463 1244,464 1306,464"/>
                <TextEquiv>
                    <Unicode>selbe Cadenz giebt, wie wir sie soeben behandelt haben,</Unicode>
                </TextEquiv>
            </TextLine>
            <TextLine id="r1l6" custom="readingOrder {index:4;}">
                <Coords points="70,531 675,531 674,489 467,476 445,494 358,484 307,504 261,483 240,498 222,483 70,491"/>
                <Baseline points="77,521 106,521 135,521 165,522 194,522 224,522 253,521 283,521 312,521 342,521 371,521 400,520 430,520 459,520 489,520 518,520 548,520 577,520 607,520 636,520 666,520"/>
                <TextEquiv>
                    <Unicode>nämlich in reiner Stimmung:</Unicode>
                </TextEquiv>
            </TextLine>
            <TextEquiv>
                <Unicode>Takte beginnt ganz dieselbe Sequenz vom Dominantaccord auf&#13;
e} aus und löst sich im achten Takte nach es{-dur auf. Man&#13;
bemerke zunächst, dass der dritte und vierte Takt ganz die¬&#13;
selbe Cadenz giebt, wie wir sie soeben behandelt haben,&#13;
nämlich in reiner Stimmung:</Unicode>
            </TextEquiv>
        </TextRegion>
        <GraphicRegion id="Graphic_1621433750720_3775" custom="readingOrder {index:2;} structure {type:floating;}">
            <Coords points="76,545 1318,545 1318,700 76,700"/>
        </GraphicRegion>
        <TextRegion orientation="0.0" type="paragraph" id="TextRegion_1621433714850_3756" custom="readingOrder {index:3;} structure {type:paragraph;}">
            <Coords points="76,700 1318,700 1318,945 76,945"/>
            <TextLine id="r1l11" custom="readingOrder {index:0;}">
                <Coords points="173,762 1315,763 1315,718 1274,707 1154,736 1086,707 173,707"/>
                <Baseline points="181,748 237,748 293,749 349,749 406,749 462,749 518,749 575,750 631,750 687,750 744,750 800,750 856,751 912,751 969,751 1025,751 1081,751 1138,751 1194,751 1250,751 1307,751"/>
                <TextEquiv>
                    <Unicode>Die vorliegende Deutung ergab sich vorhin, wo die</Unicode>
                </TextEquiv>
            </TextLine>
            <TextLine id="r1l12" custom="readingOrder {index:1;} textStyle {offset:16; length:1;italic:true; fontSize:0.0; kerning:0;}">
                <Coords points="73,817 1310,835 1288,779 73,772"/>
                <Baseline points="80,810 141,810 202,809 263,809 324,809 385,809 446,809 507,809 568,809 629,810 691,810 752,810 813,810 874,810 935,810 996,811 1057,811 1118,811 1179,811 1240,811 1302,810"/>
                <TextEquiv>
                    <Unicode>Hauptklänge der c-dur-Tonart schon vorhergegangen waren,</Unicode>
                </TextEquiv>
            </TextLine>
            <TextLine id="r1l13" custom="readingOrder {index:2;}">
                <Coords points="74,881 832,859 1247,891 1321,881 1322,844 74,842"/>
                <Baseline points="81,867 142,868 204,868 265,869 327,869 389,869 450,870 512,870 573,870 635,870 697,870 758,870 820,870 881,870 943,870 1005,871 1066,871 1128,871 1189,871 1251,871 1313,871"/>
                <TextEquiv>
                    <Unicode>verhältnissmässig leicht. Hier aber wird der Accord ganz</Unicode>
                </TextEquiv>
            </TextLine>
            <TextLine id="r1l14" custom="readingOrder {index:3;}">
                <Coords points="70,938 1317,940 1316,900 1262,890 70,901"/>
                <Baseline points="78,930 103,930 129,930 155,929 180,929 206,928 232,928 258,928 283,927 309,927 335,927 360,927 386,928 412,929 1309,928"/>
                <TextEquiv>
                    <Unicode>anders eingeführt. Wir haben in reiner Stimmung die Folge</Unicode>
                </TextEquiv>
            </TextLine>
            <TextEquiv>
                <Unicode>Die vorliegende Deutung ergab sich vorhin, wo die&#13;
Hauptklänge der c-dur-Tonart schon vorhergegangen waren,&#13;
verhältnissmässig leicht. Hier aber wird der Accord ganz&#13;
anders eingeführt. Wir haben in reiner Stimmung die Folge</Unicode>
            </TextEquiv>
        </TextRegion>
        <GraphicRegion id="Graphic_1621433760552_3782" custom="readingOrder {index:4;} structure {type:floating;}">
            <Coords points="76,945 1318,945 1318,1237 76,1237"/>
        </GraphicRegion>
        <TextRegion orientation="0.0" id="TextRegion_1621433702780_3746" custom="readingOrder {index:5;} structure {type:paragraph-continued;}">
            <Coords points="76,1237 1318,1237 1318,2256 76,2256"/>
            <TextLine id="r1l39" custom="readingOrder {index:0;} textStyle {offset:34; length:1;italic:true; fontSize:0.0; kerning:0;} textStyle {offset:41; length:7;fontSize:0.0; kerning:0; letterSpaced:true;}">
                <Coords points="182,1299 1143,1307 1286,1300 1308,1255 182,1243"/>
                <Baseline points="190,1285 245,1285 301,1285 356,1285 412,1285 467,1286 523,1286 578,1286 634,1286 689,1287 745,1287 800,1287 856,1287 911,1287 967,1287 1022,1287 1078,1287 1133,1287 1189,1287 1244,1286 1300,1285"/>
                <TextEquiv>
                    <Unicode>Zunächst steht fest, dass der Ton h} der einzige unver¬</Unicode>
                </TextEquiv>
            </TextLine>
            <TextLine id="r1l40" custom="readingOrder {index:1;}">
                <Coords points="71,1355 1319,1355 1260,1307 71,1310"/>
                <Baseline points="78,1345 139,1345 201,1345 262,1345 324,1345 386,1346 447,1346 509,1346 571,1346 632,1345 694,1345 756,1345 817,1346 879,1346 941,1346 1002,1346 1064,1346 1126,1346 1187,1347 1249,1347 1311,1347"/>
                <TextEquiv>
                    <Unicode>änderliche Stimmung und Klangbedeutung bestimmende Ton</Unicode>
                </TextEquiv>
            </TextLine>
            <TextLine id="r1l41" custom="readingOrder {index:2;} textStyle {offset:27; length:1;italic:true; fontSize:0.0; kerning:0;}">
                <Coords points="69,1418 1312,1420 1268,1363 882,1362 843,1393 69,1363"/>
                <Baseline points="77,1404 138,1404 199,1405 261,1405 322,1405 384,1405 445,1405 506,1405 568,1405 629,1406 691,1406 752,1406 813,1406 875,1406 936,1406 998,1406 1059,1406 1120,1406 1182,1406 1243,1406 1305,1405"/>
                <TextEquiv>
                    <Unicode>ist, der schliesslich nach c übergeht. Nach dem Eintritt des</Unicode>
                </TextEquiv>
            </TextLine>
            <TextLine id="r1l42" custom="readingOrder {index:3;}">
                <Coords points="79,1476 1314,1475 1287,1427 79,1434"/>
                <Baseline points="86,1464 147,1464 208,1464 269,1464 330,1464 391,1464 452,1464 513,1465 574,1465 635,1465 696,1465 757,1465 818,1466 879,1466 940,1466 1001,1466 1062,1466 1123,1466 1184,1466 1245,1466 1306,1465"/>
                <TextEquiv>
                    <Unicode>Accordes 3) empfindet man den enharmonischen Wechsel in</Unicode>
                </TextEquiv>
            </TextLine>
            <TextLine id="r1l43" custom="readingOrder {index:4;} textStyle {offset:47; length:3;italic:true; fontSize:0.0; kerning:0;} textStyle {offset:57; length:3;italic:true; fontSize:0.0; kerning:0;}">
                <Coords points="70,1541 1311,1545 1296,1500 1153,1483 908,1518 70,1502"/>
                <Baseline points="77,1533 138,1533 199,1533 261,1533 322,1533 383,1533 445,1533 506,1533 567,1534 629,1534 690,1534 751,1534 813,1535 874,1535 935,1535 997,1535 1058,1534 1119,1534 1181,1534 1242,1533 1304,1532"/>
                <TextEquiv>
                    <Unicode>der Stimmung des zweiten Accordes, da offenbar eis}} und gis}</Unicode>
                </TextEquiv>
            </TextLine>
            <TextLine id="r1l44" custom="readingOrder {index:5;} textStyle {offset:3; length:1;italic:true; fontSize:0.0; kerning:0;} textStyle {offset:9; length:2;italic:true; fontSize:0.0; kerning:0;}">
                <Coords points="74,1604 1320,1609 1320,1563 1239,1555 74,1555"/>
                <Baseline points="82,1591 143,1592 205,1593 266,1593 328,1593 389,1594 451,1594 512,1594 574,1594 635,1594 697,1594 759,1594 820,1594 882,1594 943,1594 1005,1593 1066,1593 1128,1593 1189,1593 1251,1593 1313,1593"/>
                <TextEquiv>
                    <Unicode>in f und as{ sich verwandelt haben. Diese Umwandelung</Unicode>
                </TextEquiv>
            </TextLine>
            <TextLine id="r1l45" custom="readingOrder {index:6;} textStyle {offset:24; length:1;italic:true; fontSize:0.0; kerning:0;} textStyle {offset:41; length:1;italic:true; fontSize:0.0; kerning:0;}">
                <Coords points="71,1691 1207,1691 1314,1683 1314,1626 1223,1658 652,1619 71,1640"/>
                <Baseline points="79,1666 140,1667 201,1668 263,1669 324,1669 385,1669 447,1670 508,1670 569,1670 631,1670 692,1670 753,1670 815,1670 876,1670 937,1670 999,1669 1060,1669 1121,1669 1183,1669 1244,1669 1306,1669"/>
                <TextEquiv>
                    <Unicode>geschieht durch den Ton h}, der zunächst g bestimmt, und</Unicode>
                </TextEquiv>
            </TextLine>
            <TextLine id="r1l46" custom="readingOrder {index:7;} textStyle {offset:24; length:3;italic:true; fontSize:0.0; kerning:0;} textStyle {offset:32; length:2;italic:true; fontSize:0.0; kerning:0;}">
                <Coords points="75,1747 1318,1742 1270,1698 75,1700"/>
                <Baseline points="82,1737 143,1737 204,1737 266,1737 327,1737 389,1737 450,1738 511,1738 573,1738 634,1738 696,1738 757,1738 818,1738 880,1739 941,1739 1003,1738 1064,1738 1125,1738 1187,1738 1248,1737 1310,1737"/>
                <TextEquiv>
                    <Unicode>dieses wiederum wandelt gis} in as{ (dieses geschieht in der</Unicode>
                </TextEquiv>
            </TextLine>
            <TextLine id="r1l47" custom="readingOrder {index:8;}">
                <Coords points="75,1820 1308,1822 1287,1763 75,1776"/>
                <Baseline points="82,1807 142,1806 203,1806 264,1806 325,1806 386,1806 447,1806 508,1806 569,1806 630,1807 691,1807 751,1807 812,1807 873,1807 934,1807 995,1807 1056,1807 1117,1807 1178,1807 1239,1806 1300,1806"/>
                <TextEquiv>
                    <Unicode>Auffassung, die Notenschrift kann es nicht wiedergeben).</Unicode>
                </TextEquiv>
            </TextLine>
            <TextLine id="r1l48" custom="readingOrder {index:9;} textStyle {offset:10; length:1;italic:true; fontSize:0.0; kerning:0;} textStyle {offset:45; length:3;italic:true; fontSize:0.0; kerning:0;}">
                <Coords points="77,1883 1315,1875 1280,1835 1077,1819 77,1835"/>
                <Baseline points="85,1873 146,1873 207,1874 268,1874 329,1874 390,1874 451,1874 513,1875 574,1875 635,1875 696,1875 757,1875 818,1875 879,1875 941,1875 1002,1875 1063,1874 1124,1874 1185,1873 1246,1872 1308,1871"/>
                <TextEquiv>
                    <Unicode>Der Klang f entsteht, weil die Bedeutung von eis}} zu weit ab¬</Unicode>
                </TextEquiv>
            </TextLine>
            <TextLine id="r1l49" custom="readingOrder {index:10;} textStyle {offset:11; length:3;italic:true; fontSize:0.0; kerning:0;} textStyle {offset:15; length:1;fontSize:0.0; kerning:0; superscript:true;}">
                <Coords points="70,1954 1310,1948 1252,1898 70,1908"/>
                <Baseline points="77,1943 138,1943 199,1943 260,1943 322,1943 383,1943 444,1943 505,1943 567,1943 628,1943 689,1943 750,1943 812,1943 873,1943 934,1943 995,1943 1057,1942 1118,1942 1179,1941 1240,1941 1302,1940"/>
                <TextEquiv>
                    <Unicode>liegt; der cis}+-Klang verschwindet, ohne sich direkt aufzu¬</Unicode>
                </TextEquiv>
            </TextLine>
            <TextLine id="r1l50" custom="readingOrder {index:11;} textStyle {offset:36; length:1;italic:true; fontSize:0.0; kerning:0;}">
                <Coords points="71,2018 1325,2021 1325,1984 1240,1971 240,1971 211,2001 71,1972"/>
                <Baseline points="79,2009 144,2010 209,2011 274,2011 339,2011 405,2012 470,2012 535,2012 600,2012 665,2012 731,2011 796,2011 861,2011 926,2011 991,2010 1057,2010 1122,2010 1187,2009 1252,2009 1318,2009"/>
                <TextEquiv>
                    <Unicode>lösen. Nun könnte das hinzutretende a} in 3) in Verbindung</Unicode>
                </TextEquiv>
            </TextLine>
            <TextLine id="r1l51" custom="readingOrder {index:12;} textStyle {offset:4; length:1;italic:true; fontSize:0.0; kerning:0;} textStyle {offset:22; length:1;italic:true; fontSize:0.0; kerning:0;} textStyle {offset:24; length:1;fontSize:0.0; kerning:0; superscript:true;}">
                <Coords points="74,2089 1309,2092 1322,2033 951,2035 912,2067 74,2051"/>
                <Baseline points="81,2078 142,2079 204,2079 265,2080 327,2080 389,2080 450,2080 512,2081 574,2081 635,2081 697,2081 759,2081 820,2081 882,2080 944,2080 1005,2080 1067,2080 1129,2079 1190,2079 1252,2078 1314,2078"/>
                <TextEquiv>
                    <Unicode>mit f sehr wohl einen a}0-Klang geben. Dann wäre Accord</Unicode>
                </TextEquiv>
            </TextLine>
            <TextLine id="r1l52" custom="readingOrder {index:13;} textStyle {offset:5; length:1;italic:true; fontSize:0.0; kerning:0;} textStyle {offset:7; length:1;fontSize:0.0; kerning:0; superscript:true;} textStyle {offset:11; length:1;italic:true; fontSize:0.0; kerning:0;} textStyle {offset:13; length:1;fontSize:0.0; kerning:0; superscript:true;} textStyle {offset:17; length:1;italic:true; fontSize:0.0; kerning:0;} textStyle {offset:19; length:1;fontSize:0.0; kerning:0; superscript:true;}">
                <Coords points="75,2153 1313,2165 1313,2106 75,2113"/>
                <Baseline points="83,2143 144,2144 205,2145 266,2145 327,2146 388,2147 449,2147 511,2148 572,2148 633,2148 694,2148 755,2149 816,2148 877,2148 939,2148 1000,2148 1061,2147 1122,2146 1183,2145 1244,2144 1306,2143"/>
                <TextEquiv>
                    <Unicode>3) = h}0 + h}0 + a}0 und die einfachste Auflösung statt 4)</Unicode>
                </TextEquiv>
            </TextLine>
            <TextLine id="r1l53" custom="readingOrder {index:14;} textStyle {offset:5; length:1;italic:true; fontSize:0.0; kerning:0;} textStyle {offset:7; length:1;fontSize:0.0; kerning:0; superscript:true;}">
                <Coords points="74,2215 1323,2222 1323,2192 1095,2171 74,2187"/>
                <Baseline points="82,2218 143,2218 205,2218 267,2218 328,2218 390,2218 452,2218 513,2218 575,2219 637,2219 699,2219 760,2219 822,2218 884,2218 945,2218 1007,2218 1069,2217 1130,2217 1192,2216 1254,2215 1316,2214"/>
                <TextEquiv>
                    <Unicode>wäre e}+, und zwar, wegen der unvermittelten Folgen vor¬</Unicode>
                </TextEquiv>
            </TextLine>
            <TextEquiv>
                <Unicode>Zunächst steht fest, dass der Ton h} der einzige unver¬&#13;
änderliche Stimmung und Klangbedeutung bestimmende Ton&#13;
ist, der schliesslich nach c übergeht. Nach dem Eintritt des&#13;
Accordes 3) empfindet man den enharmonischen Wechsel in&#13;
der Stimmung des zweiten Accordes, da offenbar eis}} und gis}&#13;
in f und as{ sich verwandelt haben. Diese Umwandelung&#13;
geschieht durch den Ton h}, der zunächst g bestimmt, und&#13;
dieses wiederum wandelt gis} in as{ (dieses geschieht in der&#13;
Auffassung, die Notenschrift kann es nicht wiedergeben).&#13;
Der Klang f entsteht, weil die Bedeutung von eis}} zu weit ab¬&#13;
liegt; der cis}+-Klang verschwindet, ohne sich direkt aufzu¬&#13;
lösen. Nun könnte das hinzutretende a} in 3) in Verbindung&#13;
mit f sehr wohl einen a}0-Klang geben. Dann wäre Accord&#13;
3) = h}0 + h}0 + a}0 und die einfachste Auflösung statt 4)&#13;
wäre e}+, und zwar, wegen der unvermittelten Folgen vor¬</Unicode>
            </TextEquiv>
        </TextRegion>
    </Page>
</PcGts>
