1502 2450
700 114 899 172 78
212 221 1448 292 gis}} als Inconsequenz, ja als Schwäche empfunden wird. —
216 292 1460 338 Bezeichnen wir in bereits üblicher Weise die Cadenz I mit
211 347 1446 400 normal tonischem Ganzschluss, II mit normal tonischem Pla¬
223 411 1445 475 galschluss, nun aber analog 1 mit normal phonischem Ganz¬
218 467 1450 523 schluss, 2 mit normal phonischem Plagalschluss, so wird dem¬
211 539 1446 584 gemäss der bisher stets als untergeordnet betrachtete Schluss
217 587 1459 650 sub 1 von grosser Bedeutung. Zu dieser Unterscheidung
214 651 1453 699 eines Ganz- und Halbschlusses berechtigt der einseitige Bau
217 707 1447 772 jedes Tongeschlechts, wenn man es für sich betrachtet.
220 771 1458 818 Namentlich hat Hauptmann diese Beziehung im tonischen
221 827 1451 880 Geschlecht, d. h. die rückwärtsgehende Beziehung zur Un¬
218 883 1462 940 terdominantseite, treffend dargestellt. Der tonische f-Klang
218 946 1460 996 hat schon ein (phonisches) Element des c-Klanges in
218 1004 1457 1060 sich, während die Oberdominantseite gar kein c enthält, im
218 1067 1447 1116 Gegentheil der Ton g ein (phonisches) Element des c-Klan¬
217 1137 1443 1187 ges ist. — Umgekehrt liegt im phonischen System die rück¬
215 1203 1449 1252 wärtsgehende Bildung auf der oberen Seite. Der h}-Klang
220 1271 1454 1324 enthält bereits (tonisch) den e}-Klang, während der phonische
216 1338 1453 1389 a}-Klang keinerlei e} enthält 1). Wenn nun beim vierstimmigen
215 1395 1450 1459 Satz ein Schlussaccord c—e}—g—c vollkommen befriedigt,
211 1467 1450 1513 dagegen im phon. System e} — a} — c — e} in keiner Ac¬
218 1534 1452 1586 cordfolge einen befriedigenden Schluss zu bezeichnen scheint,
217 1594 1454 1635 so möchte ich daraus noch nicht schliessen, dass die letztere
210 1643 1458 1699 Lage absolut verwerflich wäre, wir haben es hier vielleicht
216 1699 1446 1763 mit angewöhnten „Fesseln eines Grundbasses zu thun” 2),
221 1763 1442 1826 während wir keine solche für den Discant der tonischen,
214 1818 1449 1883 ja nicht einmal für den Discant der phonischen Cadenzen
214 1883 1446 1940 besitzen. Ein zweistimmiger Satz befriedigt vollkommen,
318 2067 1445 2108 1) Später werden wir sehen, dass im Mollgeschlecht die Hauptmodulation
213 2109 1454 2154 in der Sonate nicht nach der oberen (Dominant-), sondern nach der unteren (Reg¬
218 2155 558 2203 nant-) Seite geschieht.
313 2203 1120 2259 2) s. Weitzmann, Gesch. des Sept. Acc. pag. 20.
