1502 2450
747 122 941 172 114
283 227 1433 279 Die erste Zeile des Chorals: „Höchster Priester, der
180 276 1431 337 Du Dich”, unterliegt ebenfalls verschiedenen Versionen:
194 341 546 400 Layriz schreibt:
186 523 1445 568 während Punschel und Brenner nicht glücklich den Ton
184 601 1438 668 f{ in fis} verwandelt haben, welch letzteres in phon. d nicht
196 658 409 715 vorkommt.
288 716 1427 771 Doch genug der Beispiele, deren man Tausende anfüh¬
183 779 442 837 ren könnte.
285 846 1442 892 Schwankungen dieser Art zeigen sich übrigens nur beim
196 906 1444 963 Mollgeschlechte. In c-dur hat der Ton as{ nie dem a} den
197 970 1436 1027 Rang streitig gemacht, ohne Zweifel weil die meisten Me¬
196 1035 1446 1084 lodieen mit der Tonica c schliessen. Eine Gefahr entstünde
189 1104 1449 1156 erst für solche Gesänge, die in c-dur mit der [Phonica] g
196 1155 372 1219 endigen.
295 1210 1448 1267 Helmholtz giebt einige interessante Notizen über die
190 1274 1435 1340 allmählige Einführung des gis}} in a}-moll, und erinnert daran,
192 1338 1446 1386 dass schon in sehr früher Zeit diese Umbildung begann, da
194 1411 1441 1451 sie schon vom Papst Johann XXII im Jahre 1322 durch
203 1459 804 1524 einen Erlass gerügt wurde 1).
308 1515 1446 1571 Wenn doch die alten classischen Sachen aus der Zeit
191 1572 1439 1628 des Palestrina von den Widerrufungs- und Erhöhungs¬
190 1636 1438 1685 zeichen verschont blieben, mit denen nicht blos die Heraus¬
201 1699 1435 1755 geber sondern auch jeder Musikdirector nach seinem Gefal¬
198 1754 803 1813 len meint schalten zu dürfen.
304 1864 1436 1912 1) Helmholtz l. c. pag. 440. „In Folge dessen”, heisst es hier weiter,
200 1922 1434 1955 „unterliess man gewöhnlich die Erhöhung des Leittones (?) in den Noten zu be¬
202 1954 1427 1991 zeichnen, während sie doch von den Sängern ausgeführt wurde, was nach Win¬
196 1994 1433 2036 terfeld’s Ansicht sogar noch im 16. und 17. Jahrhundert geschah, da es einmal
195 2036 1432 2077 Sitte geworden war”. Wir können getrost noch das 18. und 19. Jahrhundert hin¬
202 2083 1432 2133 zufügen. „Eben desshalb”, sagt Helmholtz mit Recht, ist es unmöglich den
200 2115 1438 2163 Fortschritt dieser Veränderungen der alten Tonarten genau zu ermitteln”. „Durch
202 2163 1438 2212 diese Aenderung wird die Mannigfaltigkeit der alten Tongeschlechter
196 2203 569 2253 arg beeinträchtigt”.
