1502 2450
785 90 959 163 48
191 204 1443 267 Ertönen die beiden Klänge nach einander, so vermitteln die
202 259 1453 324 gemeinsamen Obertöne die Verwandtschaft. In diesem Sinne
202 328 578 380 sagt Helmholtz:
306 371 1446 427 „Verwandt im ersten Grade nennen wir Klänge, welche
204 448 1446 492 zwei gleiche Partialtöne haben; verwandt im zweiten Grade
193 509 1451 548 solche, welche mit demselben dritten Klange im ersten Grade
197 555 571 619 verwandt sind” 1).
296 611 1441 667 Diese Definition der Verwandtschaft ersten Grades in
199 674 1449 728 der dualen Bedeutung der Intervalle, wird nur in der Form
198 730 1104 787 des Gedankens, verändert, wenn wir sagen:
305 795 1441 851 Verwandt im ersten Grade nennen wir Klänge,
203 851 1438 915 welche entweder zwei gleiche Partialtöne haben,
202 917 1435 964 oder welche Partialtöne eines und desselben Grund¬
198 972 1442 1019 tones sind. — Soweit die erste Definition in der letz¬
199 1034 1448 1083 teren enthalten, hat auch Helmholtz das physiologische
206 1090 1444 1150 Element an dem Prinzipe der Phonicität in seinem Buche
203 1155 1441 1204 erörtert 2). Soweit aber der Unterschied und die gleich¬
209 1211 1447 1271 zeitig vorhandene tonische und phonische Bedeutung eines
200 1275 1453 1332 jeden Intervalles in Betracht kommt, vermissen wir auch bei
210 1331 1445 1379 ihm die systematische Einheit, so wie den vollendet symme¬
200 1387 604 1451 trischen Gegensatz.
297 1451 1447 1507 Die Identität der beiden letzten Begriffsbestimmungen
205 1510 1454 1570 leuchtet aus folgenden Sätzen hervor, die wir früher schon
199 1573 1449 1620 angedeutet. Jedes Intervall können wir darstellen durch zwei
201 1666 1439 1740 Brüche $$MATH, wo weder a und c, noch b und d gemein¬
199 1756 1451 1859 same Factore haben. Beide Töne $$MATH und $$MATH sind Be¬
197 1911 1464 1987 standtheile ein und desselben tonischen Grundtones $$MATH, und
204 2018 1459 2100 beide haben ein und denselben phonischen Oberton $$MATH. Nun
305 2138 795 2179 1) Helmholtz l. c. pag. 420.
306 2178 774 2228 2) Namentlich pag. 279 l. c.
