1502 2450
506 114 809 171 33
53 363 1272 427 Der erste Dreiklang hat den tonischen Grundton C‚ = 1,
50 435 1289 499 und den phonischen Oberton h}″= 60, der andere Dreiklang
50 492 1282 547 hat den tonischen Grundton As{‚‚‚ = 1 und den phonischen
50 567 1284 636 Oberton g″ = 60. — Dieser letzte liegt wie man leicht
57 640 1280 686 sieht, genau ebenso weit (2 Octaven) nach oben von der
66 683 1291 747 Quinte g entfernt, wie der tonische Grundton C′ von c.
54 747 1289 801 Ebenso weit ferner, wie der phonische Oberton h″ von c im
54 812 1289 859 ersten Dreiklang entfernt ist, ebenso weit liegt der tonische
64 866 1289 916 Grundton As‴ von g entfernt; dort nach oben nahe 4
56 927 990 978 Octaven, hier nach unten genau eben so viel.
142 971 1292 1035 Da das Verständniss sämmtlicher Harmonieen und
59 1043 1275 1098 Harmoniefolgen sich auf die genannten Eigenschaften zurück¬
57 1107 1280 1170 führen lässt, so erscheint es zweckmässig, vorher zu erörtern,
58 1164 1289 1220 wie die entsprechenden Grund- und obern Töne gefunden
64 1227 205 1276 werden.
153 1282 1287 1340 Sind zwei Töne durch zwei ganze Zahlen, a und b, (a <
59 1340 1288 1404 b), gegeben, und sind dieselben relativ prim zu einander, so
57 1403 1290 1457 ist 1 der tonische Grundton, da a und b Vielfache von 1
64 1466 1287 1517 sind, keine Zahl aber zwischen 1 und a in beiden zugleich
57 1524 1286 1571 enthalten ist, da sonst letztere nicht relativ prim sein könnten.
59 1616 1288 1668 Jeder Ton $$MATH kann gleichfalls Grundton sein, wenn n eine
61 1699 1281 1763 ganze Zahl ist, denn macht solch ein Ton eine Schwingung,
63 1763 1285 1820 so ist das obige Intervall durch an und bn ausgedrückt,
63 1851 1285 1900 d. h. durch ganze Zahlen. Von den Untertönen = $$MATH des to¬
65 1938 1288 1988 nischen Grundtones 1 sehen wir zunächst ab. Der phonische
62 1995 1288 2050 Oberton von a und b ist offenbar derjenige, der dem ersten
61 2066 1293 2123 gemeinsamen Vielfachen beider Zahlen entspricht, also hier
64 2115 1293 2164 der Ton ab. — Alle coïncidirenden Obertöne sind alsdann
65 2178 646 2231 ausgedrückt durch n. a. b. —
