1502 2450
612 139 785 189 31
37 242 1273 294 weniger Dissonanz. Es muss daher ein anderes Prinzip
37 300 1267 363 gefunden werden, nach welchem nicht der Wohlklang oder
43 363 1271 412 die Rauhigkeit des Intervalles, sondern die harmonische
49 420 1273 485 Bedeutung desselben beurtheilt werden kann. Im Prinzipe
40 481 1260 528 der Klangverwandtschaft, oder — um sogleich auf den dua¬
42 539 1270 588 len Gegensatz hinzudeuten, — im combinirten Prinzip der
49 595 1272 643 Tonicität und Phonicität werden wir das gesuchte posi¬
44 660 510 708 tive Element erkennen.
139 715 1275 767 Unter Tonicität eines Intervalles oder Accordes verstehe
36 772 1275 827 ich die Eigenschaft desselben, als Klangbestandtheil ei¬
38 834 1272 882 nes Grundtones aufgefasst werden zu können. Die¬
40 892 1184 948 sen Grundton nenne ich den tonischen Grundton 1).
133 954 1266 995 Wenn mehre Töne durch das Verhältniss ihrer Schwin¬
41 1010 1269 1075 gungszahlen, und zwar durch ganze Zahlen, die gegen einan¬
43 1075 1269 1123 der relativ prim sind, ausgedrückt werden, so ist stets der
50 1131 1261 1182 Ton 1 der tonische Grundton. Sind die Zahlen nicht rela¬
49 1194 1266 1243 tiv prim gegen einander, so haben sie einen gemeinschaft¬
47 1251 1274 1300 lichen Faktor, der eine jede positive ganze Zahl sein kann.
41 1308 1268 1357 Hieraus folgt, dass mehre Töne, die relativ prim zu einan¬
42 1363 1264 1419 der sind, als Bestandttheile sowohl des tonischen Grundtones
50 1427 1262 1482 1, als auch eines um eine Octave tiefer liegenden Grund¬
42 1483 1278 1539 tones autgefasst werden können. Ebenso kann aber ferner
51 1547 1271 1596 die Unter-Duodecime der tonische Grundton des Zusammen¬
42 1602 1276 1659 klanges sein, u. s. w., kurz die ganze Reihe der von dem
50 1667 1273 1716 tonischen Grundtone 1 nach der Tiefe hin gedachten har¬
47 1722 1284 1778 monischen Untertöne 2) desselben. Beispielsweise hat das
49 1779 1266 1836 Intervall c — g, den tonischen Grundton C; dessen harmo¬
48 1843 1282 1903 nische Untertöne sind CI, FII, CII, As{III, FIII, CIII, BIV,
50 1915 1276 1981 A{IV, . . . FIV, . . . Des{IV, CIV etc. Alle diese Töne enthalten
144 2033 1281 2078 1) Von $$GRAPHIC, ich spanne; $$GRAPHIC, durch Spannung bewirkt, tönend. Denkt
44 2082 1282 2121 man sich die ganze Klangmasse der Partialtöne eines gegebenen Grundtones, so
49 2124 1023 2164 erscheinen jene gegebenen Töne als hineingefügt, hineingespannt.
144 2163 1275 2212 2) Harmonische Untertöne nennt man bekanntlich alle diejenigen Töne,
46 2203 1148 2243 die einen gegebenen Ton als Oberton enthalten, s. Helmholtz, pag. 76.
