1502 2450
579 123 844 181 265
80 227 1332 276 an das Seite 15 gegebene, der Generation der Töne ent¬
80 282 665 347 sprechende, Schema halten:
185 1651 1326 1699 Je vier rösselsprungartig mit einander verbundene Fel¬
93 1715 1327 1763 der in der unendlich weit gedachten Tabelle auf Seite 15
87 1776 1334 1834 geben sämmtliche verminderte Septimenaccorde. — Je zwei
87 1835 1325 1885 eingeschlossene Felder stellen, wie in vorstehenden Dia¬
85 1900 1329 1957 grammen zu sehen, die Klangbedeutung dar, zugleich
86 1954 1325 2004 auch die beiden gemischten Tonarten, in welchen derselbe
93 2011 1327 2060 Accord in unveränderter Stimmung vorkommt. Das zweite
89 2074 1330 2124 Schema ist das vollkommen symmetrische Spiegelbild des
91 2130 1327 2180 ersten, nur muss man sich analog dem quadratisch gebilde¬
92 2186 1331 2243 ten Schema zwei auf einander und zugleich auf der Ebene
