1502 2450
625 122 743 181 77
51 227 1300 278 den tonischen Dreiklang und zwar in dessen Dreiklangslage
54 283 1286 340 führend, den Sinn ganz erfüllen können; als Schluss erschei¬
47 347 938 410 nen daher die dreistimmigen Accordfolgen
54 561 1290 604 als die normalen und völlig befriedigenden. Wir setzen
51 622 986 675 nun als Gegensatz für das phonische System
150 827 1284 883 In allen vier Fällen hat hier der Schlussaccord die Haupt¬
50 884 1284 934 töne in normaler Lage; dort nämlich Tonica c unten, [Pho¬
55 956 1282 1003 nica] g oben, hier [Tonica] a} unten, Phonica e} oben. Ana¬
55 1011 1020 1070 log erhalten wir bei der Combination beider:
144 1524 1284 1572 Das modern gebildete Ohr verlangt hier zuletzt gis}
53 1579 1291 1631 statt g, d. h. man fasst den vorletzten Accord in letzter
64 1650 1288 1700 Cadenz als Dominantaccord von a-moll auf, hier aber ist er
61 1707 1290 1767 Oberregnantaccord unter h}. Wenn man längere Zeit im
56 1779 1286 1836 phonischen System modulirt, dabei keinen leiterfremden
61 1835 1281 1891 Ton anwendet, so wird man bemerken, dass die Schlusscadenz
62 1907 1286 1956 mit gis}} durchaus, wenn auch an sich wohlklingend, doch als
62 1963 1281 2026 dem System nicht eigen empfunden wird, ja ich behaupte,
59 2019 1288 2075 und möchte namentlich Musiker von Fach auffordern, das
58 2082 1284 2140 Experiment anzustellen, ich behaupte, das eigenthümliche
65 2140 1292 2195 des g schwindet, je mehr man sich an diese Harmoniefolge
61 2203 1290 2256 unter 2 gewöhnt, so dass schliesslich die Anwendung des
