1502 2450
683 99 962 149 216
305 194 1423 252 Denkt man sich die in Klammern geschlossene unwe¬
204 258 1436 305 sentlichere Bedeutung fort, so entsprechen die Bezeichnungen
206 326 1428 380 den Klängen, wie wir sie ursprünglich aufsuchten (S. 200).
259 482 1408 547 6. Harmonische Grundlage der reinen und gemischten
699 538 941 597 Tonleitern.
316 643 1425 690 Versuchen wir noch für die 6 Systeme die harmoni¬
206 711 1437 755 sche Grundlage aller Melodiefortschreitungen, wodurch wir
213 763 1438 816 ein Mittel finden, über die Art der Intonation, und die
217 819 1439 870 Verständlichkeit derselben ein Urtheil zu gewinnen. Der
211 898 1430 934 einzige leitende Gesichtspunkt wird die einfache und unmit¬
209 946 1030 995 telbar verständliche Harmoniefolge sein.
318 1003 1435 1052 Wenn hiebei ein in der Leiter vorkommender Ton
211 1074 1434 1116 einer doppelten Bestimmung fähig ist, so nehmen wir die
216 1131 1427 1180 verständlichere als unmittelbare Grundlage der Stimmführung,
218 1178 1134 1236 wie die untergestellten Accordklänge zeigen.
316 1763 1442 1812 Die gewöhnliche Dur-Tonleiter ist meist auf Grund der
218 1819 1440 1876 hier verzeichneten Klangbedeutung (Grundbass) aufgefasst
216 1883 1435 1937 worden. Nur Hauptmann 1) weicht ab in der Bestimmung
218 1947 1434 2004 der letzten drei Töne; er nimmt, statt der Klangbedeutung
204 2003 667 2068 g+, a+, d+ folgende:
315 2141 1427 2191 1) Hauptmann l. c. pag. 55. Helmholtz stimmt der einfachen Auf¬
213 2186 585 2236 fassung bei. Seite 541.
