1502 2450
536 123 821 179 263
66 234 1314 281 verausgesetzt wird. Daher diese beiden Accorde vollständig
61 283 572 340 die Cadenz beschliessen:
163 796 1295 852 Jeder verminderte Septimenaccord kommt ohne Ver¬
54 859 1149 907 änderung seiner Stimmung in 2 Tonarten vor:
70 927 1306 980 e — g — b{ — cis} = a+ + d0 in halbphon. a u. halbton. d
61 1011 1301 1068 es{ — fis} — a — c = d+ + g0 in halbphon. d u. halbton. g
159 1067 1308 1119 Die Folge zweier verminderter Septimenaccorde muss
59 1132 1302 1180 befriedigend sein, weil gleichzeitig zwei homonome
57 1188 1295 1234 Quintschritte und ein antinomer Wechsel ausge¬
62 1243 411 1300 führt werden:
59 1459 1243 1516 oder umgekehrt erst der untere, dann der obere Accord.
167 1524 1295 1580 Da stets ein tonischer und ein phonischer Klang ver¬
65 1586 1298 1638 bunden sind, und wir in der aufsteigenden, sowie in der ab¬
62 1643 1289 1699 steigenden Reihe verminderter Septimenaccorde in Quint¬
55 1707 1295 1756 schritten nach einer Richtung uns fortbewegen, entgegen¬
57 1764 1303 1826 gesetzte Richtungen aber im tonischen und im phonischen
53 1827 1307 1874 Systeme gleiche Hauptbedeutung haben, so wird die
63 1883 1300 1939 eine Bewegung vorzüglich in dem einen System, die andere
53 1947 1295 1995 im anderen Geltung haben. Beim Hinabsteigen gehen wir z. B.
57 2123 1306 2172 und beide Klänge schreiten nach einer unteren Quinte. Das
54 2179 1307 2235 ergiebt für die tonischen Klänge eine rückgehende,
