1502 2450
613 107 716 179 191
46 218 1274 283 derum ihre harmonische Behandlung desselben, das Zusam¬
52 283 1275 340 menstellen einer Folge von Dreiklängen namentlich, ohne
49 347 1278 412 harmonische Beziehung im Sinne unserer heutigen Tonkunst,
50 403 1274 460 der Unkenntniss besserer Modulation, einer kindischen Un¬
50 467 1279 531 geschicklichkeit in Handhabung der Kunstmittel, der die
48 523 1276 579 Gegenwart längst entwachsen, auf die mit vornehmem Lä¬
50 586 1266 652 cheln herabzuschauen sie wohl berechtigt seien. Freilich”,
46 651 1277 699 heisst es weiter, „verbinden wir, nur ein Naturgesetz ken¬
53 707 1274 757 nend, das die Verwandtschaft der Töne bestimme, in der
50 763 1279 819 Regel auch nur auf eine Weise Dreiklänge mit einander:
51 826 1288 875 in einer quinten- oder quartenweis aufsteigenden
53 890 1279 940 Folge ihrer Grundtöne: so aber nicht die alten Meister.
57 947 1281 996 Nicht jenes Naturgesetz allein: ein anderes, das in der
57 1010 1285 1059 Beziehung der Glieder beider Dreiklänge, des harten und
54 1067 1282 1116 des weichen, sich kund gab; eine Besonderheit ihres Sy¬
49 1122 1282 1179 stemes, die ihnen vergönnte, jede Tonart innerhalb ihrer
53 1187 1278 1251 eigenen Gränzen in die ihr nächstverwandte umzuwandeln,
57 1243 1277 1300 brachte die anscheinend entferntesten Dreiklänge einander
54 1307 1282 1371 nahe, so wie dadurch eine mannigfach gegliederte Beziehung
56 1371 742 1426 aller Tonarten sich gestaltete 1).”
144 1427 1292 1483 Später begeht Winterfeld denselben Fehler, den er
54 1491 1286 1540 so eben an der gangbaren Theorie rügen will, wenn er die
59 1546 1282 1610 fünf griechischen Systeme von c bis c, g — g, d — d,
58 1604 1282 1659 a — a, e — e, in eine Quint-Verwandtschaft zu ein¬
60 1671 1279 1730 ander bringt, und dadurch unser phonisches System am wei¬
53 1727 1281 1788 testen vom tonischen entfernt, und das zwar vermeintlich,
58 1786 644 1843 „im Sinne der alten Musik.”
149 1850 1290 1906 Ich bin der Ueberzeugung, dass sowohl in der alten,
58 1907 1282 1955 als in der neueren Musik die Modulation sowohl auf pa¬
63 1970 1287 2019 ralleler als auf reciproker Tonverwandtschaft basirt gewesen
58 2026 1032 2074 sei. Die Praxis war stets der Theorie voraus.
153 2180 1296 2220 1) C. v. Winterfeld „Johannes Gabrieli und sein Zeitalter.” Berlin,
64 2219 389 2276 1834. Th. l. pag. 89
