1502 2450
524 113 769 179 253
142 228 1282 275 Man hat bisher die beiden Septimenaccorde und ihre
50 283 1274 331 Folgen (P. 2 und T. 2) ganz anders erklärt. Für den Do¬
41 346 1272 403 minantaccord nahm man den Ton f im Verhältniss zu g,
48 403 1263 451 wie 7:4, und sogar im erweiterten Gebilde, im Nomenac¬
52 474 1281 523 corde (unter T. 4 und P. 4) wurde statt g:a} = 9:20 das
55 530 1262 588 Verhältniss g:a = 4:9 der Erklärung zu Grunde gelegt 1).
50 587 1270 635 Wenn dieses richtig wäre, namentlich der Ton 7 hinzuge¬
47 651 1272 699 lassen würde, so wäre unsere gesammte Systematik verlo¬
51 708 1280 771 ren. Das Wesen einer Dissonanz, welches darin besteht,
55 771 1273 819 ein harmonischer Doppelklang zu sein, wäre aufge¬
55 826 1276 876 hoben. Nun aber spricht die Erfahrung dafür, dass der
53 883 1273 947 Ton 7 nicht mit dem Grundton consonirend empfunden wird,
59 947 1280 995 wir haben also keinen Grund einen g-Klang allein im Zu¬
54 1019 1274 1067 sammenklange g — h} — d — f vor uns zu sehen. Die na¬
50 1074 1285 1124 türliche Septime klingt uns unrein; wir vermissen die ein¬
51 1131 1283 1180 fachere Quintbeziehung zum Tone c. Im Gegentheil finden
60 1195 1286 1243 wir die schönsten und verständlichsten Dissonanzen nebst
54 1250 1284 1299 ihren Auflösungen in den Beispielen 2), 3), 4). — Ueber
53 1306 1288 1366 die Klangfolgen unter 1) haben wir früher schon ausführlich
49 1382 1282 1436 gesprochen, und auf den Vorrang, den die Oberdominant-
54 1439 1290 1493 und Unterregnantseite hat, hingewiesen, hier bleibt noch
56 1490 1282 1547 zu bemerken übrig, dass die dissonanten Accorde unter 2)
58 1547 1286 1596 und 3) denen unter 1) vor der Auflösung folgen können, so
54 1608 1283 1668 dass die tonischen und phonischen Klänge allmählig mit
55 1668 1278 1715 allen ihren Bestandtheilen dem Gehör vorgeführt werden.
156 1739 1279 1794 Die Auflösung der aus dem vorstehenden Septimenac¬
58 1810 1286 1851 cord hergeleiteten dreistimmigen Accorde erleidet keine
57 1858 1283 1915 wesentliche Aenderung. Wer unserer Darstellung beipflich¬
54 1923 1181 1971 tet, wird weit davon entfernt sein, bei der Klangfolge
148 2082 1285 2130 1) Helmholtz, l. c. pag. 524 und 527. S. auch Marx, l. c., F. Bel¬
49 2124 365 2172 lermann l. c. u. a.
