1502 2450
783 113 957 165 148
313 211 1427 275 Gehen wir dagegen von einem tonischen oder phoni¬
211 276 1437 332 schen c-Klange aus zu einem nächstverwandten Klange und
213 331 1437 380 wandeln diesen in seinen jedesmaligen Gegensatz um, so
209 395 497 444 erhalten wir:
221 1211 1447 1259 3 und 4 in der ersteren und 4 und 3 in der letzten Reihe
217 1270 1447 1315 enthalten ein und dieselbe Klangfolge, die also auf zwei
212 1324 1433 1387 verschiedene Arten vermittelt und gedeutet werden kann,
218 1386 1436 1443 ebenso in der ersten 7 und 8, in der zweiten 8 und 7,
220 1444 1440 1491 d. h. ton. und phon. f und g können vom antinomen c-
211 1504 1451 1554 Klange aus auf mehrfache Art erreicht werden. Die übrigen
206 1571 1444 1620 Klänge, die von e}, h}, as{ und des{ werden nur auf eine Art
215 1633 1449 1693 vermittelt, alle vier aber ton. und phon. erreicht. Wird
222 1699 1445 1748 der hier als vermittelnd dargestellte Klang erst in Folge
221 1754 1450 1811 des zweiten gehört, so ist dieser letztere wie schon vorhin
220 1820 1440 1867 erwähnt, ein vorgreifender Klang, jener, der früher ver¬
211 1876 1440 1922 mittelnde, ist jetzt vorbereiteter Klang. — Ist im er¬
219 1939 1440 1987 sten Falle ein Fortschreiten der Modulation, so hier eine
214 1994 1432 2044 Rückkehr in der Klangfolge zu empfinden, eine Auswei¬
213 2050 1149 2102 chung im Gegensatz zu einer Modulation.
314 2123 1450 2172 Als symmetrische Gegenbilder treten in der ersteren
208 2178 666 2237 Reihe I folgende auf:
