1502 2450
699 130 885 179 12
297 218 1434 282 Bei unveränderter Tonhöhe können die Schwingungen
183 304 1425 357 stärker oder schwächer sein. Die grösste Entfernung der
186 356 1423 411 schwingenden Lufttheilchen aus der Gleichgewichtslage heisst
189 412 1431 468 Amplitude der Schwingung. Je grösser die Amplitude bei
192 475 1423 532 gleicher Schwingungsdauer, um so stärker der Ton bei un¬
186 530 623 588 veränderter Tonhöhe.
299 594 1435 642 Wenn ein Ton c eine Schwingung ausführt in einer
187 663 1427 715 gewissen Zeit, so macht ein Ton, der die höhere Octave
193 714 1432 763 bildet, deren zwei, die Duodecime drei u. s. w. — Das
189 769 1430 828 Intervall der Quinte wird durch das Zahlenverhältniss 2:3
192 835 1429 883 charakterisirt. Führt man zwölf Quintschritte in einer Rich¬
190 890 1435 942 tung aus, so gelangt man zu einem Tone his, der nicht mit
185 961 1435 1011 einer höheren Octave von c übereinstimmen wird, da eine
181 1010 1429 1067 Potenz von 2 nie einer Potenz von 3 gleich sein kann. Es
182 1074 1081 1123 verhält sich c:his = 524288:531441
293 1129 1424 1187 Um in der Praxis mit einer geringen Anzahl von Tö¬
186 1202 1429 1244 nen in einer Octave auszukommen, temperirt man die
182 1263 1425 1315 reinen Intervalle. Man stimmt eine jede der Quinten
179 1323 1430 1377 g, d, a etc. etwas tiefer, so dass das his genau gleich c
192 1381 1423 1436 wird. Bei diesem System gleichschwebender Tempe¬
183 1434 1428 1484 ratur ist die Octave in 12 ganz gleich grosse Tonstufen
182 1490 360 1555 getheilt.
291 1547 1320 1604 Die Terz entspricht den Schwingungszahlen 4:5.
287 1610 1429 1667 Diese reine Terz weicht von der pythagoräischen
186 1674 1437 1721 Terz, d. h. dem durch 4 Quintschritte bestimmten Ton e
184 1742 832 1795 ab im Verhältniss von 80:81.
293 1795 1429 1844 Wenn es für die Quinte eine reine (natürliche) und eine
186 1860 1432 1908 temperirte Stimmung gab, so treten hier drei Unterschiede
183 1916 796 1963 hervor. Wir kennen erstens
443 1971 1128 2024 eine reingestimmte Terz 4:5
184 2027 1424 2115 eine durch 4 reine Quinten bestimmte $$MATH pythag.
193 2165 1403 2259 eine durch 4 temperirte Quint, bestimmte $$MATH.
