1502 2450
562 115 783 172 239
159 1449 1307 1500 Die Verwandtschaft der Klangbedeutungen in 5. und
53 1515 1305 1571 7., auf jeder Seite verräth sich durch das doppelte Vor¬
54 1571 986 1619 kommen der beiden verminderten Dreiklänge
266 1628 1240 1700 h} — d — f im tonischen System = g+ + f+
146 1699 1229 1756 und h} — d} — f im phonischen System = a}0 + h}0
154 1779 1296 1835 Nur die unter 1., 4. und 6. vorkommenden disson.
57 1850 1301 1900 Dreiklänge, die kein d oder d} enthalten, sind auf beiden Seiten
54 1921 1305 1980 resp. einander gleich, und ausserdem noch g — h} — f, und
59 1978 1299 2043 h} — f — a}, daher finden wir hier in jedem System 16 dis¬
54 2043 878 2100 sonante Dreiklänge, zusammen aber 24.
161 2115 1298 2163 Die Umlagerung der einzelnen Bestandtheile kann die
54 2183 1298 2235 eine oder die andere Klangbedeutung beeinträchtigen, nie¬
