1502 2450
676 102 946 164 116
206 401 1430 444 an, so überzeugt man sich sofort davon, dass das des{ im
203 442 1432 516 zweiten Beispiel tiefer als das cis}} im ersten zu sein scheint.
210 514 1433 575 Offenbar beruht diess auf einer akustischen Täuschung, wie
208 578 1426 631 Hauptmann sagt, oder besser es beruht auf der verschie¬
206 643 1430 700 denen Auffassung des Klanges cis}} oder des{ je nach der Ge¬
202 723 1442 772 neration des Tones. — Wenn nun die obigen Beispiele im
212 770 1438 827 Gesange wirklich in reiner Stimmung intonirt werden, warum
206 835 1435 884 sollte dann die akustische Täuschung ausbleiben, es wird viel¬
201 900 1428 952 mehr jetzt wirklich des{ höher als cis}} sein, allein die abstei¬
207 978 1431 1034 gende Generation wird beim des{ empfunden — nicht aber
211 1043 1437 1091 wirklich gesungen. Wie kann ein Ton durch Unreinheit der
209 1099 1427 1148 Intonation besser in seiner Intervallbedeutung charac¬
202 1156 1440 1209 terisirt werden?! (Es ist übrigens die erwähnte Stelle, so
204 1220 1438 1266 viel ich bemerkt habe, die einzige im ganzen Hauptmann¬
207 1281 1437 1332 schen Werk, in welcher eine beabsichtigte Unreinheit
201 1349 1429 1404 statuirt wird 1). Fasst man den Ton cis} oder des{ als Leit¬
207 1412 1434 1467 ton zu d} und c auf, so könnte diese Tonfolge selbst, unmit¬
202 1476 1440 1531 telbar aufgefasst (wenn solches überhaupt denkbar wäre)
210 1542 1439 1588 vielleicht einer Alteration fähig sein, gerade dadurch müsste
201 1594 1434 1643 aber, die Intervallbedeutung schwinden. Halten wir
197 1650 1429 1702 aber diese fest, und ich glaube, nur dadurch ist die Intona¬
208 1713 1429 1764 tion des Leittones so leicht, so muss die letztere auch rein
199 1772 313 1827 sein.
302 1931 1430 1972 1) In der Fortsetzung der oben citirten Stelle wird allerdings in der Klang¬
203 1979 1425 2020 folge c — e} — g . . . . c — es{ — g ebenfalls eine vertiefte Intonation des es{ und in
205 2036 1419 2078 der umgekehrten Reihenfolge der Accorde eine erhöhte des Tones e} angenommen.
206 2074 1429 2116 Ich glaube auch dieses ist eine Täuschung ähnlicher Art. Als Gegensatz zum er¬
200 2121 1428 2164 steren Accord macht sich die Bedeutung der Terz im zweiten Accorde besonders
197 2164 1430 2208 geltend, und namentlich bei kräftiger Intonation empfangen wir den Eindruck,
201 2211 1360 2260 als sei die Stimmung über die veränderte Intervallbedeutung hinaus alterirt.
