1502 2450
655 96 914 164 164
181 219 1407 268 Verwandtschaft, — aber ein solches, wie es zwischen ver¬
176 275 922 330 schiedenen Geschlechtern statt hat. —
284 339 1416 387 Versuchen wir übersichtlich alle Verwandtschaftsmomente
175 404 1410 451 der mit dem tonischen und phonischen System verwandten
175 459 808 508 Tonarten zusammen zu stellen.
287 515 1417 564 Wir unterscheiden zwei Arten der Verwandschaft und
183 581 1404 635 zwar nennen wir diese Parallelität und Reciprocität.
236 635 1414 681 Parallel nenne ich alle solche Tonsysteme (antinome oder
176 692 1412 747 homonome), welche identische Klänge besitzen. Re¬
177 754 1404 804 ciprok dagegen sollen alle diejenigen einander gegenüber¬
180 810 1402 876 gestellten Tonsysteme heissen, welche gleiche, aber an¬
178 875 1405 932 tinom dargestellte Klänge besitzen. — Mit irgend
185 930 1409 980 einem gedachten Systeme sind blos 12 homonome und eben¬
183 1000 1422 1051 soviel antinome Systeme verwandt, die wir der Art
180 1051 1412 1098 übersichtlich ordnen wollen, dass das Wesen der Ver¬
181 1107 1411 1155 wandtschaft deutlich entgegentritt. — Zu dem Zweck bau¬
189 1186 1413 1236 en wir ein c+-System und andererseits ein e}0-System
178 1235 1417 1284 nach Dreiklängen auf, und halten denselben in Quintschritten
178 1298 1411 1347 fortgehend andere Systeme gegenüber. Auf den nun fol¬
178 1364 1413 1419 genden Tabellen finden wir sub A: c+ oder c-dur mit allen
181 1411 1406 1468 tonischen oder Dursystemen combinirt; sub B den vollkom¬
186 1483 1414 1531 menen Gegensatz: e}0 mit allen phonischen Systemen combi¬
178 1539 1412 1595 nirt. Weiter: sub C c+ mit allen antinomen, also pho¬
177 1603 1417 1660 nischen, und endlich sub D e}0 mit allen antinomen, d. h.
180 1667 899 1721 also tonischen Systemen combinirt.
281 1731 1406 1787 Die Systeme sind der Art einander gegenübergestellt,
187 1786 1417 1835 dass sowohl die den combinirten Systemen gemeinschaftlichen
185 1851 1403 1899 oder identischen, als auch die gegensätzlichen Klänge unter
187 1907 1398 1956 einander stehen, erstere sind durch Gleichheitszeichen, letz¬
182 1963 1406 2010 tere durch liegende Kreuze mit einander verbunden, beispiels¬
182 2035 824 2092 weise zwei antinome e}-Klänge:
