1502 2450
778 139 902 196 4
185 242 1429 307 aber muss ich dem in der letzten Zeile ausgesprochenen
187 307 627 371 Wunsche beipflichten.
283 368 1423 425 Angeregt durch ein eingehendes Studium des Helm¬
185 427 1429 483 holtzschen Werkes, entdeckte ich neue Gesichtspunkte, die
180 490 1432 538 eine weitergreifende Spekulation zu gestatten schienen. Die
181 531 1432 592 Theorie der Dissonanz, wie Helmholtz sie entwickelt,
181 603 1431 659 schien wie vorhin schon angedeutet, mehr als Grundlage für
194 650 1424 724 eine Instrumentationslehre, als für den allgemeinen, von jeg¬
191 728 1421 778 licher Klangfarbe unabhängigen und ganz bestimmten Be¬
184 778 1256 846 griff der Dissonanz in der Harmonielehre geeignet.
294 840 1429 901 In dem Prinzip der Verwandtschaft der Klänge gelang
187 905 1442 964 es mir, ein, zwar von Helmholtz wohl bemerktes, aber
194 977 1448 1020 nicht consequent verfolgtes Moment zu finden. Und von
189 1011 1441 1077 hier aus erschloss sich auch für das andere Prinzip, für das
194 1084 1431 1139 der Klangvertretung, ein neuer Standpunkt, von welchem aus
194 1131 1433 1196 der Bau der Tonsysteme, die Verwandtschaft der Tonarten, und
201 1195 1434 1259 die Theorie der Dissonanz und ihrer Auflösung einer neuen
195 1268 1029 1314 Bearbeitung unterzogen werden konnten.
293 1308 1436 1371 In der Deutung der Harmonieen stimme ich zum Theil
193 1384 1437 1436 mit Hauptmann überein, nur glaube ich, — Dank dem
201 1442 1442 1491 reelleren naturwissenschaftlichen Boden, — in wesentlichen
196 1501 1441 1552 Punkten das System consequenter entwickelt zu haben. Es
204 1561 1437 1620 gelingt wirklich, statt der philosophischen, streng physika¬
205 1617 1431 1676 lische und physiologische, zum geringen Antheil psychologi¬
198 1675 1445 1732 sche Begriffe zu substituiren. — Wenn ich von meinem
199 1731 1433 1786 Standpunkte aus, auf Helmholtz’s Prinzipien fussend, Resul¬
202 1799 1435 1851 tate erhielt, die ich zum Theil bei Hauptmann fertig ent¬
207 1850 1440 1907 wickelt vorfand, so lag für mich in diesem Zusammentreffen
205 1915 605 1972 der höchste Werth.
305 1971 1431 2027 Es sei mir nun gestattet, in wenigen Worten den In¬
205 2036 1186 2084 halt der vorliegenden Arbeit zusammenzufassen:
306 2090 1447 2147 Es besteht dieselbe aus sechs Abschnitten. In dem
207 2146 1438 2203 ersten soll eine zweckmässige Buchstabentonschrift herge¬
200 2211 1436 2264 leitet werden, die mit Hilfe einer mechanisch leicht einzu¬
