1502 2450
1258 87 1300 131 V
61 203 1300 259 Tonic Solfa Agency. (43 Paternoster Row) berücksich¬
56 284 1305 329 tigen zu können. Auch habe ich dieselben bis jetzt
60 356 1297 412 noch nicht zu Gesicht bekommen. Wenn indess die
62 435 1306 483 Engländer den Weg, den ich für den einzig richtigen
39 523 1300 564 halte, praktisch bereits betreten haben, so kann es der
59 589 1303 643 Sache nimmermehr schaden, wenn, wie ich vermuthen
66 673 1304 717 muss, auch eine Theorie von verschiedenen Seiten her
59 750 1300 803 gleichzeitig und vielleicht in demselben Sinne ent¬
64 812 1306 868 wickelt und erforscht wird. Es kann hiedurch ein
60 892 1237 949 Zeugniss mehr für die Wahrheit gewonnen werden.
142 1027 706 1091 Dorpat, im Juli 1866.
832 1188 1201 1258 A. v. Oettingen.
