1502 2450
778 114 932 171 68
199 227 1437 275 terz (e}) geläugnet, aber doch noch zum Theil durch das
202 291 1437 339 Quintintervall vertreten und ebenso, dass in jedem phon.
199 346 1435 396 Klange die tonische Bedeutung zwar durch die Unterterz
210 403 1439 475 (as{ in f as{ c) geläugnet, aber doch im Quintintervall f — c
201 483 1435 525 noch enthalten ist, betrachten wir demnach in der tonischen
207 531 1437 594 Leiter g als [Phonica], wo die Klammer die Unterordnung
202 600 1441 644 der Phonicität und Phonalität bedeuten soll, ebenso in der
197 651 1426 715 phonischen c = Leiter f als [Tonica], so erhalten wir fol¬
202 707 794 772 gendes Schema der Gebilde:
297 1155 1443 1210 In der ersten Leiter haben c und g Doppelbedeutung, in
197 1226 1437 1275 der andern c und f, in jener ferner f, in dieser g eine einfache
206 1274 1437 1323 Hauptbedeutung, ferner d in jener, b in dieser Nebenbedeu¬
204 1338 1438 1395 tung. — Das Gegenbild der Tonica und [Unter-Regn.] ist die
194 1398 1424 1444 Phonica und [Ober-Dom.] — Der Bedeutung von g als Ober-
194 1451 1434 1512 Dom. entspricht hier f, die Unterregnante. So wie man unter
193 1514 1429 1580 Dominante ohne weiteren Zusatz die Oberdominante versteht,
202 1579 1430 1634 wollen wir die Unterregnante schlechtweg Regnante nennen.
302 1626 1433 1692 Nun übersieht man leicht, dass die phon.-c-Leiter die
195 1699 1433 1754 um eine Quint versetzte absteigende f-moll Tonleiter ist.
192 1746 1435 1807 Die wesentlichere Bedeutung einer Unter-Regnante ist
196 1810 1427 1876 bei der modernen Molltonleiter der untergeordneten einer
199 1868 1422 1927 [Tonica] gewichen. Durch diese Versetzung des Anfangs¬
195 1931 1426 1996 tones ist der erste Schritt gegen das Prinzip der Phonalität
193 1996 1429 2059 gethan. Ein weiterer führt immer mehr zur Vermengung
191 2043 1418 2115 beider Prinzipien, so namentlich in der Construction der auf¬
186 2107 562 2164 steigenden Leiter
