1502 2450
522 122 768 180 115
430 226 893 284 6. Ueber Intonation.
138 303 1282 360 Die Intonation der auf- und absteigenden Leittöne
46 362 1280 419 ist noch gegenwärtig ein Streitpunkt der theoretischen und
54 427 1281 483 praktischen Musiker. Hauptmann und Helmholtz halten
54 483 1281 540 beide ein Schwanken in der Tonhöhe desselben für statthaft.
138 546 1280 604 Da dieser Gegenstand von grossem Interesse ist, werde
49 603 1276 650 ich die betreffenden Stellen wörtlich heranziehen; Haupt¬
53 667 1284 715 mann vergleicht bei Gelegenheit der chromatischen Skalen
49 723 1291 772 die Generation der drei Halbintervalle: 15:16; 128:135
49 779 630 844 und 24:25 mit einander 1):
140 843 1287 906 „Es ist offenbar die Entfernung der diatonischen Stufe
54 907 1283 956 15:16 eine grössere, als die der beiden chromatischen
53 963 1284 1012 128:135 und 24:25; dennoch wird uns das als Leitton
44 1019 1280 1082 intonirte cis}} in der Folge c cis}} d höher scheinen, als die
49 1083 1284 1140 Sekund des{ in der Folge c des{ c; das chromatische Inter¬
50 1167 1286 1219 vall c cis}} sonach grösser, als das diatonische c des{. Bei
51 1235 1273 1288 Instrumenten mit festbestimmten, mithin temperirten Klang¬
50 1296 1274 1347 stufen, kann dies allerdings nur auf einer akustischen Täu¬
45 1346 1286 1414 schung beruhen, da hier für cis}} und des{ dieselbe Tonhöhe
50 1427 1283 1483 besteht. Die freie Intonation wird aber in der That den
51 1490 1270 1547 Leitton geschärft oder erhöht zu nehmen Bedürfniss fühlen,
53 1560 1269 1603 sowie sie die zurückleitende kleine Sekund in kleinerer Ent¬
50 1611 1285 1659 fernung hören lässt, als ihr nach dem Verhältniss 15:16
50 1679 1283 1724 zukommt. Es ist dies ein Bestreben, den Ton in seiner
52 1724 1278 1780 Intervallbedeutung zu characterisiren, die Intonation zu be¬
45 1786 452 1852 leben, zu beseelen”.
140 1852 1282 1906 Ich gebe vollkommen zu, dass der Ton des{ dem Gehör
54 1931 1277 1988 tiefer erscheint, als cis}}. Man versuche einfach folgendes Ex¬
49 1995 1273 2044 periment anzustellen. Auf einem temperirt gestimmten In¬
50 2048 621 2100 strumente gebe man einmal
149 2171 1288 2220 1) Hauptmann l. c. pag. 170 § 253. s. auch Fr. Bellermann, „Die
55 2211 831 2261 Tonleitern und Musiknoten der Griechen”, pag. 18.
