<?xml version="1.0" encoding="UTF-8" standalone="yes"?>
<PcGts xmlns="http://schema.primaresearch.org/PAGE/gts/pagecontent/2013-07-15" xmlns:xsi="http://www.w3.org/2001/XMLSchema-instance" xsi:schemaLocation="http://schema.primaresearch.org/PAGE/gts/pagecontent/2013-07-15 http://schema.primaresearch.org/PAGE/gts/pagecontent/2013-07-15/pagecontent.xsd">
    <Metadata>
        <Creator>prov=University of Rostock/Institute of Mathematics/CITlab|PLANET AI GmbH/Gundram Leifert/gundram.leifert@planet-ai.de:name=ONB_Newseye_GT_M1+(htr_id=10810)::::v=2.6.7
prov=University of Rostock/Institute of Mathematics/CITlab|PLANET AI GmbH/Tobias Gruening/tobias.gruening@planet-ai.de:name=de.uros.citlab.module.baseline2polygon.B2PSeamMultiOriented:v=2.6.7
prov=University of Rostock/Institute of Mathematics/CITlab|PLANET AI GmbH/Tobias Gruening/tobias.gruening@planet-ai.de:name=/net_tf/LA73_249_0mod360.pb:de.uros.citlab.segmentation.CITlab_LA_ML:v=2.6.7
Transkribus</Creator>
        <Created>2021-03-18T14:22:14.307+01:00</Created>
        <LastChange>2021-09-09T15:45:06.025+02:00</LastChange>
        <TranskribusMetadata docId="738836" pageId="28121792" pageNr="195" tsid="64481118" status="DONE" userId="74363" imgUrl="https://files.transkribus.eu/Get?id=UQOVBJYZLYPNNZYROQJOHDAW&amp;fileType=view" xmlUrl="https://files.transkribus.eu/Get?id=ASKUBDFOUEGCFVMLZJCIWBDG" imageId="21905162"/>
    </Metadata>
    <Page imageFilename="Oettingen_Harmoniesystem_in_dualer_Entwickelung-0204.jpg" imageWidth="1502" imageHeight="2450" type="content">
        <ReadingOrder>
            <OrderedGroup id="ro_1631311007616" caption="Regions reading order">
                <RegionRefIndexed index="0" regionRef="TextRegion_1621425878114_624"/>
                <RegionRefIndexed index="1" regionRef="TextRegion_1621425878114_623"/>
                <RegionRefIndexed index="2" regionRef="TextRegion_1621425874651_619"/>
                <RegionRefIndexed index="3" regionRef="TextRegion_1621425865013_615"/>
                <RegionRefIndexed index="4" regionRef="TextRegion_1621425860963_611"/>
                <RegionRefIndexed index="5" regionRef="TextRegion_1621425934080_633"/>
                <RegionRefIndexed index="6" regionRef="TextRegion_1621425934080_632"/>
                <RegionRefIndexed index="7" regionRef="TextRegion_1621425847254_603"/>
            </OrderedGroup>
        </ReadingOrder>
        <TextRegion orientation="0.0" type="page-number" id="TextRegion_1621425878114_624" custom="readingOrder {index:0;} structure {type:page-number;}">
            <Coords points="54,107 1288,107 1288,180 54,180"/>
            <TextLine id="r1l1" custom="readingOrder {index:0;}">
                <Coords points="516,147 548,143 601,147 621,156 693,156 716,144 717,115 702,115 689,106 626,105 607,123 517,119"/>
                <Baseline points="523,137 549,138 576,140 602,141 629,143 655,144 682,144 709,143"/>
                <TextEquiv>
                    <Unicode>185</Unicode>
                </TextEquiv>
            </TextLine>
            <TextEquiv>
                <Unicode>185</Unicode>
            </TextEquiv>
        </TextRegion>
        <TextRegion orientation="0.0" id="TextRegion_1621425878114_623" custom="readingOrder {index:1;} structure {type:list;}">
            <Coords points="54,180 1288,180 1288,516 54,516"/>
            <TextLine id="line_1621426006305_671" custom="readingOrder {index:0;} concept_mus {offset:3; length:6;} concept_mus {offset:15; length:7;}">
                <Coords points="244,261 287,266 322,231 352,260 967,253 967,231 892,211 521,230 244,207"/>
                <Baseline points="251,243 276,244 302,245 328,246 354,246 380,246 406,246 432,246 458,247 484,247 677,249 702,249 728,249 753,249 779,249 805,249 830,250 856,250 882,250 907,251 933,251 959,251"/>
                <TextEquiv>
                    <Unicode>1) Tonica oder Phonica.</Unicode>
                </TextEquiv>
            </TextLine>
            <TextLine id="line_1621426011344_678" custom="readingOrder {index:1;} concept_mus {offset:3; length:9;} concept_mus {offset:15; length:8;}">
                <Coords points="247,316 283,331 322,297 383,323 549,323 576,301 730,332 768,304 863,332 985,322 986,286 784,266 759,291 655,299 527,268 247,275"/>
                <Baseline points="254,301 290,306 326,304 338,305 363,305 388,306 413,306 438,306 463,306 488,306 513,305 538,305 564,304 704,319 731,315 758,312 786,311 813,310 841,310 868,310 895,310 923,310 950,310 978,310"/>
                <TextEquiv>
                    <Unicode>2) Dominante „ Regnante.</Unicode>
                </TextEquiv>
            </TextLine>
            <TextLine id="line_1621426016496_685" custom="readingOrder {index:2;} concept_mus {offset:3; length:14;} concept_mus {offset:20; length:12;}">
                <Coords points="251,380 292,388 327,353 353,379 1064,380 1064,345 1022,332 792,331 739,358 630,331 251,331"/>
                <Baseline points="259,362 286,363 313,362 341,363 366,365 391,366 417,367 442,368 467,368 493,368 518,368 543,368 569,368 594,368 619,368 645,368 742,374 768,372 794,370 820,369 847,368 873,368 899,368 925,369 952,369 978,370 1004,370 1030,370 1057,370"/>
                <TextEquiv>
                    <Unicode>3) Unterdominante „ Oberregnante.</Unicode>
                </TextEquiv>
            </TextLine>
            <TextLine id="line_1621426026170_702" custom="readingOrder {index:3;} concept_mus {offset:3; length:9;} concept_mus {offset:15; length:9;}">
                <Coords points="253,440 991,444 991,408 900,386 787,387 698,429 414,378 317,413 253,389"/>
                <Baseline points="260,423 292,425 324,425 342,428 370,428 398,429 426,429 454,429 482,428 510,427 538,425 708,441 733,437 758,434 783,432 808,430 833,430 858,430 883,430 908,431 933,431 958,430 983,429"/>
                <TextEquiv>
                    <Unicode>4) Leitklang „ Leitklang.</Unicode>
                </TextEquiv>
            </TextLine>
            <TextLine id="line_1621426033406_714" custom="readingOrder {index:4;} concept_mus {offset:3; length:9;} concept_mus {offset:15; length:14;}">
                <Coords points="254,500 293,508 328,478 349,500 620,485 736,507 774,480 1068,516 1099,467 782,451 586,476 255,448"/>
                <Baseline points="262,477 294,485 349,486 377,488 405,489 433,490 462,490 490,489 518,488 547,485 706,498 736,498 746,491 772,490 799,490 825,489 852,489 878,490 905,490 931,490 958,491 984,491 1011,492 1037,492 1064,492 1091,492"/>
                <TextEquiv>
                    <Unicode>5) Terzklang „ Unterterzklang.</Unicode>
                </TextEquiv>
            </TextLine>
            <TextEquiv>
                <Unicode>1) Tonica oder Phonica.
2) Dominante „ Regnante.
3) Unterdominante „ Oberregnante.
4) Leitklang „ Leitklang.
5) Terzklang „ Unterterzklang.</Unicode>
            </TextEquiv>
        </TextRegion>
        <TextRegion orientation="0.0" type="paragraph" id="TextRegion_1621425874651_619" custom="readingOrder {index:2;} structure {type:paragraph;}">
            <Coords points="54,516 1288,516 1288,1010 54,1010"/>
            <TextLine id="r1l18" custom="readingOrder {index:0;} textStyle {offset:29; length:18;fontSize:0.0; kerning:0; letterSpaced:true;} concept_mus {offset:29; length:14;}">
                <Coords points="154,577 1284,575 1284,540 1151,523 155,523"/>
                <Baseline points="162,562 217,563 273,564 329,565 384,565 440,565 496,566 551,566 607,566 663,566 719,566 774,566 830,566 886,566 941,566 997,566 1053,566 1108,566 1164,566 1220,567 1276,568"/>
                <TextEquiv>
                    <Unicode>Wir bezeichnen innerhalb der Verwandtschaft der</Unicode>
                </TextEquiv>
            </TextLine>
            <TextLine id="r1l19" custom="readingOrder {index:1;} textStyle {offset:0; length:12;fontSize:0.0; kerning:0; letterSpaced:true;} concept_mus {offset:0; length:12;} textStyle {offset:48; length:6;fontSize:0.0; kerning:0; letterSpaced:true;} concept_mus {offset:48; length:6; continued:true;}">
                <Coords points="58,636 1272,628 1247,586 810,614 58,586"/>
                <Baseline points="66,624 125,625 185,625 245,625 305,625 365,626 425,626 485,626 545,626 605,626 665,626 724,626 784,626 844,626 904,626 964,626 1024,626 1084,626 1144,626 1204,625 1264,625"/>
                <TextEquiv>
                    <Unicode>Parallelität als nächste diejenige, bei welcher Haupt¬</Unicode>
                </TextEquiv>
            </TextLine>
            <TextLine id="r1l20" custom="readingOrder {index:2;} textStyle {offset:0; length:6;fontSize:0.0; kerning:0; letterSpaced:true;} concept_mus {offset:0; length:6; continued:true;} concept_mus {offset:11; length:15;} textStyle {offset:27; length:9;fontSize:0.0; kerning:0; letterSpaced:true;} textStyle {offset:46; length:6;fontSize:0.0; kerning:0; letterSpaced:true;} concept_mus {offset:46; length:6; continued:true;}">
                <Coords points="63,691 1277,690 1144,644 63,644"/>
                <Baseline points="71,684 130,685 190,685 250,685 310,685 370,685 430,685 490,686 550,686 610,686 670,686 729,686 789,687 849,687 909,687 969,687 1029,687 1089,687 1149,686 1209,686 1269,686"/>
                <TextEquiv>
                    <Unicode>klänge des Ausgangssystems identisch sind mit Haupt¬</Unicode>
                </TextEquiv>
            </TextLine>
            <TextLine id="r1l21" custom="readingOrder {index:3;} textStyle {offset:0; length:7;fontSize:0.0; kerning:0; letterSpaced:true;} concept_mus {offset:0; length:7; continued:true;} concept_mus {offset:12; length:11;} textStyle {offset:39; length:11;fontSize:0.0; kerning:0; letterSpaced:true;} concept_mus {offset:39; length:11;}">
                <Coords points="57,755 1283,755 1283,717 1156,708 57,708"/>
                <Baseline points="65,744 125,744 186,745 246,745 307,745 367,746 428,746 488,746 549,746 609,746 670,746 731,746 791,746 852,746 912,746 973,746 1033,746 1094,746 1154,746 1215,746 1276,746"/>
                <TextEquiv>
                    <Unicode>klängen des combinirten, (und zugleich Nebenklänge</Unicode>
                </TextEquiv>
            </TextLine>
            <TextLine id="r1l22" custom="readingOrder {index:4;} textStyle {offset:4; length:12;fontSize:0.0; kerning:0; letterSpaced:true;} concept_mus {offset:4; length:12;}">
                <Coords points="62,812 1280,811 1280,779 1212,771 62,772"/>
                <Baseline points="69,802 129,803 189,804 249,805 309,805 370,806 430,806 490,807 550,807 610,807 671,807 731,807 791,807 851,807 911,807 972,807 1032,807 1092,807 1152,807 1212,807 1273,807"/>
                <TextEquiv>
                    <Unicode>mit Nebenklängen). Dahin gehören, abgesehen von iden¬</Unicode>
                </TextEquiv>
            </TextLine>
            <TextLine id="r1l23" custom="readingOrder {index:5;} m_tonality {offset:8; length:8;} concept_mus {offset:27; length:9;} m_tonality {offset:37; length:8;}">
                <Coords points="60,876 1283,873 1240,827 405,854 60,827"/>
                <Baseline points="67,864 127,864 187,865 248,865 308,866 369,866 429,866 489,867 550,867 610,867 671,867 731,867 791,868 852,868 912,868 973,868 1033,868 1093,868 1154,868 1214,868 1275,868"/>
                <TextEquiv>
                    <Unicode>tischen Tonarten, blos die homonomen Tonarten je zweier</Unicode>
                </TextEquiv>
            </TextLine>
            <TextLine id="r1l24" custom="readingOrder {index:6;} concept_mus {offset:9; length:6;} concept_mus {offset:41; length:13;}">
                <Coords points="59,933 1280,938 1280,897 1233,890 415,914 59,884"/>
                <Baseline points="67,923 127,923 187,924 247,925 308,926 368,926 428,927 488,927 549,928 609,928 669,929 729,929 790,929 850,929 910,929 970,929 1031,929 1091,929 1151,928 1211,928 1272,927"/>
                <TextEquiv>
                    <Unicode>in jedem System um ein und um zwei reine Quintschritte</Unicode>
                </TextEquiv>
            </TextLine>
            <TextLine id="r1l25" custom="readingOrder {index:7;} m_note {offset:12; length:4;}">
                <Coords points="55,996 133,995 159,1010 176,995 254,995 291,982 304,996 427,992 427,958 350,947 77,948 55,957"/>
                <Baseline points="63,984 88,984 113,984 139,985 164,985 190,985 215,985 241,985 266,985 291,985 317,986 342,986 368,986 393,986 419,986"/>
                <TextEquiv>
                    <Unicode>abliegenden Töne:</Unicode>
                </TextEquiv>
            </TextLine>
            <TextEquiv>
                <Unicode>Wir bezeichnen innerhalb der Verwandtschaft der
Parallelität als nächste diejenige, bei welcher Haupt¬
klänge des Ausgangssystems identisch sind mit Haupt¬
klängen des combinirten, (und zugleich Nebenklänge
mit Nebenklängen). Dahin gehören, abgesehen von iden¬
tischen Tonarten, blos die homonomen Tonarten je zweier
in jedem System um ein und um zwei reine Quintschritte
abliegenden Töne:</Unicode>
            </TextEquiv>
        </TextRegion>
        <TextRegion orientation="0.0" id="TextRegion_1621425865013_615" custom="readingOrder {index:3;} structure {type:list;}">
            <Coords points="54,1010 1288,1010 1288,1160 54,1160"/>
            <TextLine id="r1l26" custom="readingOrder {index:0;} m_tonality {offset:0; length:6;} textStyle {offset:0; length:3;fontSize:0.0; kerning:0; letterSpaced:true;} textStyle {offset:5; length:1;italic:true; fontSize:0.0; kerning:0;} m_tonality {offset:11; length:6;} textStyle {offset:11; length:3;fontSize:0.0; kerning:0; letterSpaced:true;} textStyle {offset:16; length:1;italic:true; fontSize:0.0; kerning:0;} textStyle {offset:19; length:1;italic:true; fontSize:0.0; kerning:0;} m_tonality {offset:19; length:1;} textStyle {offset:22; length:1;italic:true; fontSize:0.0; kerning:0;} m_tonality {offset:22; length:1;} textStyle {offset:28; length:1;italic:true; fontSize:0.0; kerning:0;} m_tonality {offset:28; length:1;}">
                <Coords points="94,1075 1202,1084 1202,1027 94,1027"/>
                <Baseline points="101,1062 155,1063 210,1064 265,1064 319,1065 374,1065 429,1065 483,1066 538,1066 593,1066 648,1066 702,1066 757,1066 812,1066 866,1066 921,1066 976,1065 1030,1065 1085,1065 1140,1064 1195,1064"/>
                <TextEquiv>
                    <Unicode>ton. c mit ton. b, f, g und d (Tab. A. 2. 1. I. II.)</Unicode>
                </TextEquiv>
            </TextLine>
            <TextLine id="r1l27" custom="readingOrder {index:1;} m_tonality {offset:0; length:8;} textStyle {offset:0; length:4;fontSize:0.0; kerning:0; letterSpaced:true;} textStyle {offset:6; length:1;italic:true; fontSize:0.0; kerning:0;} m_tonality {offset:13; length:10;} textStyle {offset:13; length:4;fontSize:0.0; kerning:0; letterSpaced:true;} textStyle {offset:19; length:3;italic:true; fontSize:0.0; kerning:0;} m_tonality {offset:25; length:2;} textStyle {offset:25; length:1;italic:true; fontSize:0.0; kerning:0;} m_tonality {offset:29; length:2;} textStyle {offset:29; length:1;italic:true; fontSize:0.0; kerning:0;} m_tonality {offset:36; length:2;} textStyle {offset:36; length:1;italic:true; fontSize:0.0; kerning:0;}">
                <Coords points="98,1156 1252,1156 1272,1098 98,1106"/>
                <Baseline points="105,1131 163,1131 221,1131 279,1132 337,1132 395,1132 453,1133 511,1133 569,1134 627,1134 685,1134 743,1134 801,1134 859,1135 917,1135 975,1134 1033,1134 1091,1134 1149,1134 1207,1133 1265,1132"/>
                <TextEquiv>
                    <Unicode>phon. e} mit phon. fis}, h}, a} und d} (Tab. B. 2. 1. I. II.)</Unicode>
                </TextEquiv>
            </TextLine>
            <TextEquiv>
                <Unicode>ton. c mit ton. b, f, g und d (Tab. A. 2. 1. I. II.)&#13;
phon. e} mit phon. fis}, h}, a} und d} (Tab. B. 2. 1. I. II.)</Unicode>
            </TextEquiv>
        </TextRegion>
        <TextRegion orientation="0.0" type="paragraph" id="TextRegion_1621425860963_611" custom="readingOrder {index:4;} structure {type:paragraph;}">
            <Coords points="54,1160 1288,1160 1288,1359 54,1359"/>
            <TextLine id="r1l28" custom="readingOrder {index:0;} concept_mus {offset:26; length:14;} textStyle {offset:45; length:6;fontSize:0.0; kerning:0; letterSpaced:true;} concept_mus {offset:45; length:6; continued:true;}">
                <Coords points="144,1219 1284,1211 1248,1171 144,1171"/>
                <Baseline points="152,1210 208,1209 264,1209 320,1209 376,1209 433,1209 489,1209 545,1209 601,1209 657,1210 714,1210 770,1210 826,1210 882,1211 938,1211 995,1211 1051,1211 1107,1210 1163,1210 1219,1209 1276,1208"/>
                <TextEquiv>
                    <Unicode>Demnächst folgt diejenige Verwandtschaft, wo Haupt¬</Unicode>
                </TextEquiv>
            </TextLine>
            <TextLine id="r1l29" custom="readingOrder {index:1;} textStyle {offset:0; length:6;fontSize:0.0; kerning:0; letterSpaced:true;} concept_mus {offset:0; length:6; continued:true;} concept_mus {offset:11; length:15;} textStyle {offset:27; length:9;fontSize:0.0; kerning:0; letterSpaced:true;} concept_mus {offset:41; length:12;}">
                <Coords points="52,1278 1289,1282 1289,1241 1156,1227 53,1228"/>
                <Baseline points="60,1270 121,1269 182,1269 243,1269 304,1269 365,1268 426,1268 487,1269 548,1269 609,1269 671,1269 732,1269 793,1270 854,1270 915,1270 976,1270 1037,1270 1098,1271 1159,1271 1220,1271 1282,1271"/>
                <TextEquiv>
                    <Unicode>klänge des Ausgangssystems identisch mit Nebenklängen</Unicode>
                </TextEquiv>
            </TextLine>
            <TextLine id="r1l30" custom="readingOrder {index:2;} concept_mus {offset:4; length:11;}">
                <Coords points="57,1339 908,1335 908,1302 871,1292 57,1292"/>
                <Baseline points="64,1329 105,1329 147,1329 189,1329 231,1329 273,1329 314,1329 356,1329 398,1329 440,1329 482,1329 523,1329 565,1329 607,1329 649,1329 691,1329 732,1329 774,1329 816,1329 858,1329 900,1329"/>
                <TextEquiv>
                    <Unicode>des combinirten und zugleich umgekehrt:</Unicode>
                </TextEquiv>
            </TextLine>
            <TextEquiv>
                <Unicode>Demnächst folgt diejenige Verwandtschaft, wo Haupt¬
klänge des Ausgangssystems identisch mit Nebenklängen
des combinirten und zugleich umgekehrt:</Unicode>
            </TextEquiv>
        </TextRegion>
        <TextRegion orientation="0.0" type="paragraph" id="TextRegion_1621425934080_633" custom="readingOrder {index:5;} structure {type:paragraph;}">
            <Coords points="54,1359 1288,1359 1288,1423 54,1423"/>
            <TextLine id="line_1621425934108_636" custom="readingOrder {index:0;} textStyle {offset:4; length:8;fontSize:0.0; kerning:0; letterSpaced:true;} concept_mus {offset:4; length:8;} m_tonality {offset:13; length:8;}">
                <Coords points="144,1419 688,1419 688,1377 144,1370"/>
                <Baseline points="151,1406 177,1406 204,1406 230,1406 257,1407 283,1407 310,1407 336,1407 363,1406 389,1406 416,1406 442,1406 469,1406 495,1406 522,1406 548,1406 575,1407 601,1407 628,1407 654,1408 681,1409"/>
                <TextEquiv>
                    <Unicode>Nur antinome Tonarten:</Unicode>
                </TextEquiv>
            </TextLine>
            <TextEquiv>
                <Unicode>Nur antinome Tonarten:</Unicode>
            </TextEquiv>
        </TextRegion>
        <TextRegion orientation="0.0" id="TextRegion_1621425934080_632" custom="readingOrder {index:6;} structure {type:list;}">
            <Coords points="54,1423 1288,1423 1288,1568 54,1568"/>
            <TextLine id="r1l32" custom="readingOrder {index:0;} m_tonality {offset:0; length:6;} textStyle {offset:5; length:1;italic:true; fontSize:0.0; kerning:0;} m_tonality {offset:11; length:10;} textStyle {offset:17; length:3;italic:true; fontSize:0.0; kerning:0;} m_tonality {offset:23; length:2;} textStyle {offset:23; length:1;italic:true; fontSize:0.0; kerning:0;} m_tonality {offset:27; length:2;} textStyle {offset:27; length:1;italic:true; fontSize:0.0; kerning:0;} m_tonality {offset:31; length:2;} textStyle {offset:31; length:1;italic:true; fontSize:0.0; kerning:0;}">
                <Coords points="52,1483 920,1500 1084,1463 1181,1494 1181,1433 602,1462 535,1428 399,1462 52,1436"/>
                <Baseline points="60,1476 115,1476 171,1476 227,1476 282,1476 338,1476 394,1476 449,1476 505,1477 561,1477 617,1477 672,1477 728,1478 784,1478 839,1478 895,1477 951,1477 1006,1476 1062,1476 1118,1475 1174,1474"/>
                <TextEquiv>
                    <Unicode>ton. c mit phon. fis}, h}, e}, a} (Tab. C. VI, V IV III)</Unicode>
                </TextEquiv>
            </TextLine>
            <TextLine id="r1l33" custom="readingOrder {index:1;} m_tonality {offset:0; length:8;} textStyle {offset:6; length:1;italic:true; fontSize:0.0; kerning:0;} m_tonality {offset:13; length:6;} textStyle {offset:18; length:1;italic:true; fontSize:0.0; kerning:0;} textStyle {offset:21; length:1;italic:true; fontSize:0.0; kerning:0;} m_tonality {offset:21; length:1;} textStyle {offset:24; length:1;italic:true; fontSize:0.0; kerning:0;} m_tonality {offset:24; length:1;} textStyle {offset:27; length:1;italic:true; fontSize:0.0; kerning:0;} m_tonality {offset:27; length:1;}">
                <Coords points="47,1562 1166,1548 1134,1499 564,1531 423,1500 47,1512"/>
                <Baseline points="55,1545 110,1545 165,1545 220,1545 275,1546 330,1546 385,1546 441,1546 496,1546 551,1546 606,1546 661,1546 716,1545 771,1545 827,1545 882,1545 937,1544 992,1544 1047,1544 1102,1543 1158,1543"/>
                <TextEquiv>
                    <Unicode>phon. e} mit ton. b, f, c, g (Tab. D. VI, V, IV, III).</Unicode>
                </TextEquiv>
            </TextLine>
            <TextEquiv>
                <Unicode>ton. c mit phon. fis}, h}, e}, a} (Tab. C. VI, V IV III)&#13;
phon. e} mit ton. b, f, c, g (Tab. D. VI, V, IV, III).</Unicode>
            </TextEquiv>
        </TextRegion>
        <TextRegion orientation="0.0" type="paragraph" id="TextRegion_1621425847254_603" custom="readingOrder {index:7;} structure {type:paragraph;}">
            <Coords points="54,1568 1288,1568 1288,1767 54,1767"/>
            <TextLine id="r1l34" custom="readingOrder {index:0;} textStyle {offset:22; length:6;fontSize:0.0; kerning:0; letterSpaced:true;} concept_mus {offset:41; length:6;}">
                <Coords points="138,1636 1286,1635 1265,1586 1175,1579 695,1579 666,1608 624,1579 475,1607 138,1585"/>
                <Baseline points="146,1622 202,1622 259,1621 315,1621 372,1621 429,1621 485,1621 542,1621 598,1621 655,1621 712,1621 768,1621 825,1621 881,1621 938,1621 995,1621 1051,1621 1108,1621 1164,1621 1221,1621 1278,1621"/>
                <TextEquiv>
                    <Unicode>Mit Rücksicht auf die Anzahl identischer Klänge,</Unicode>
                </TextEquiv>
            </TextLine>
            <TextLine id="r1l35" custom="readingOrder {index:1;} textStyle {offset:0; length:4;fontSize:0.0; kerning:0; letterSpaced:true;} concept_mus {offset:49; length:7;}">
                <Coords points="47,1691 1282,1700 1282,1651 1126,1636 47,1648"/>
                <Baseline points="54,1681 115,1681 176,1681 237,1681 298,1680 359,1680 420,1680 481,1680 542,1681 603,1681 664,1681 725,1681 786,1681 847,1681 908,1682 969,1682 1030,1682 1091,1682 1152,1682 1213,1681 1275,1681"/>
                <TextEquiv>
                    <Unicode>ohne strenge Berücksichtigung ihrer Bedeutung im Systeme,</Unicode>
                </TextEquiv>
            </TextLine>
            <TextLine id="r1l36" custom="readingOrder {index:2;}">
                <Coords points="55,1755 307,1742 393,1763 497,1738 527,1763 686,1755 686,1715 571,1699 55,1715"/>
                <Baseline points="63,1742 93,1742 124,1742 155,1741 186,1741 217,1741 247,1741 278,1741 309,1741 340,1741 371,1741 401,1741 432,1741 463,1741 494,1741 525,1741 555,1741 586,1740 617,1740 648,1740 679,1740"/>
                <TextEquiv>
                    <Unicode>erhalten wir folgende Ordnung</Unicode>
                </TextEquiv>
            </TextLine>
            <TextEquiv>
                <Unicode>Mit Rücksicht auf die Anzahl identischer Klänge,
ohne strenge Berücksichtigung ihrer Bedeutung im Systeme,
erhalten wir folgende Ordnung</Unicode>
            </TextEquiv>
        </TextRegion>
        <GraphicRegion id="Graphic_1621425985167_641" custom="readingOrder {index:8;} structure {type:floating-continued;}">
            <Coords points="54,1767 1288,1767 1288,2238 54,2238"/>
        </GraphicRegion>
    </Page>
</PcGts>
