1502 2450
648 106 898 156 88
169 215 1410 260 die wir aus jenem Werke anführen, durch die Fest¬
173 267 1426 319 stellung der phonischen Leiter selbst, unmittelbar, theils
179 331 1414 380 Bestätigung, theils Erklärung finden. Fortlage sagt pag.
174 387 1426 436 128: „Es ist im Bereich unserer ganzen Musik nur ein
175 457 1419 499 einziger Fall, wo wir uns die Vorstellung einer veränderli¬
175 506 1430 555 chen Skala erlauben, nämlich dann, wenn es sich um Dur
176 563 1421 619 und Moll handelt. Wir verändern dann z. E. die C-Skala
175 634 1422 676 aus dem Dur ins Moll. Es würde einem alten Musiker
174 697 1426 739 sehr beschränkt vorgekommen sein, von hier aus nicht noch
178 747 1428 795 weiter gehen zu können, z. B. ins Dorische C. Wir kön¬
176 803 1434 860 nen diess auch praktisch ausführen, dann fehlt uns aber
176 867 1432 915 sogleich der Name für das, was wir thun, und wir
173 934 1422 987 greifen in unsrer Verlegenheit zum Lydischen As oder Hy¬
172 992 1425 1044 podorischen F, sagend: wir bewegen uns in As-Dur oder
177 1043 1417 1107 F-Moll.” Es ist das rationell begründete phon. c-System,
178 1107 1426 1156 das hier von Fortlage vermisst wird. Hören wir weiter:
175 1170 1415 1227 „Wenn man nun den Vorschlag machte, zur Vervollständi¬
174 1226 1430 1283 gung unseres musikalischen Sprachgebrauchs, die antiken
178 1282 1428 1342 Benennungen wieder einzuführen, so würde dieser Vorschlag
173 1351 1431 1395 zwar Anfangs wohl nur als eine Spielerei erscheinen. Prüft
173 1402 1426 1452 man jedoch denselben genauer, so wird man bald inne, dass
169 1474 1202 1524 er noch einen tieferen Sinn in sich verbirgt”. . .
279 1522 1430 1587 „Der Dorische Schluss (in den Chorälen),” heisst es,
179 1596 1423 1640 „ist der wahre Verlegenheitsmacher, indem er jedesmal in
182 1642 1434 1691 Verlegenheit setzt, wie man ihn begleiten soll, welches auf
180 1700 1049 1755 vierfache Weise geschehen kann, nämlich:
167 2122 1409 2179 Er rückt daher den Unterschied zwischen Accordfolge und
173 2179 1417 2235 Tonleiter recht lebendig und anschaulich vors Auge, indem
