1502 2450
604 99 775 148 159
52 204 1273 259 gen können. Wie das Scharfe, das Unsymmetrische und
51 259 1260 306 Verhältnisswidrige in sichtbaren Gegenständen, die auf Re¬
49 324 1279 379 gelmässigkeit Anspruch machen, dem gesunden Auge sogleich
50 378 1277 427 störend entgegentritt, so würde auch, gleich den Fehlern
47 435 1274 491 in der unmittelbaren Accordfolge, das Ungehörige in der
52 505 1262 555 modulatorischen Disposition, wie in metrischen Satzverhält¬
50 556 1277 611 nissen, leicht wahrgenommen werden, wenn der Ueberblick
52 619 1280 667 eines grösseren Zeitganzen in seiner Gliederung nicht an
53 675 1274 723 sich schon eine schwerere Aufgabe wäre als die, ein räum¬
53 731 1274 788 lich Gegliedertes in seinen Verhältnissen zu überschauen.
53 794 1273 849 Es ist aber in der Musik eine solche Architektonik, die
46 852 1282 899 hauptsächlich in der regelmässig metrischen und modulato¬
51 915 1272 963 rischen Beschaffenheit des Tonstückes besteht, ein so we¬
54 972 1275 1027 sentliches Erforderniss, dass eine musikalische Composition
54 1036 1269 1084 uns als Kunst überhaupt ohne sie garnicht ansprechen kann.
53 1091 1274 1148 Für die erste Wirkung scheinen diese Bedingungen weniger
55 1155 1274 1203 von bestimmendem Einflusse zu sein, indem wir auch ge¬
56 1216 1271 1276 staltlose, phrasenhafte Produktion, ohne verständigen Perio¬
57 1267 1280 1322 denbau, ohne organische Einheit des Mannigfaltigen, nicht
59 1338 1281 1396 selten einen glänzenden Success erringen sehen. In einer
59 1387 1281 1443 dauernden Gunst haben aber immer nur solche Werke sich
59 1450 1266 1498 erhalten können, die, abgesehen von characteristischen Ei¬
57 1507 1276 1571 genthümlichkeiten, von melodischem und harmonischem Reize,
57 1563 1275 1613 eine rhytmisch-metrische und modulatorische Ordnung be¬
60 1627 1287 1676 wahren; d. h. solche, die ihre Schönheiten in der Schönheit
53 1685 1278 1731 des Ganzen, in der Wahrheit und vernünftigen Gesetzmässig¬
62 1740 1154 1813 keit der an sich künstlerisch gültigen Form tragen.”
