1502 2450
724 94 901 163 126
575 210 1105 275 jede tonische Tonart (c)
374 282 1275 340 mit der tonischen Unterdominant-Tonart (f)
370 339 1270 403 mit der tonischen Oberdominant-Tonart (g)
482 401 1275 467 mit der phonischen Parallel-Tonart (e})
535 467 1270 540 mit der phonischen Leit-Tonart (h})
537 564 1127 629 jede phonische Tonart (e})
372 627 1271 700 mit der phonischen Oberregnant-Tonart (h})
370 708 1285 763 mit der phonischen Unterregnant-Tonart (a})
605 765 1275 827 der tonischen Parallel-Tonart (c)
581 827 1274 891 mit der tonischen Leit-Tonart (f)
212 900 1450 964 Welche von den je vier Tonarten am nächsten verwandt, ist
204 962 1435 1009 nicht in zwingender Weise zu entscheiden. Suchen wir zu¬
211 1029 1370 1075 nächst die Abweichungen in den Tonbestandtheilen auf:
316 1755 1443 1802 Diese Abweichungen werden wir später berücksichtigen.
206 1810 1437 1867 Sie können insofern nicht entscheiden über den Grad der
209 1876 1437 1931 Verwandtschaft, als durch dieselben noch nicht erkannt wird,
205 1931 1450 1979 ob es wesentliche oder unwesentliche Klänge sind, die in
216 1995 1445 2043 den verwandten Tonsystemen gemeinsam vorkommen oder
205 2050 1441 2113 fehlen. Suchen wir deshalb übersichtlich zusammenzustellen,
208 2106 1445 2171 welche Klänge des tonischen (c) und phonischen (e}) Systemes
205 2178 1441 2225 in den je vier verwandten Tonarten vorkommen, und in wel¬
