1502 2450
708 123 897 172 92
197 230 1438 283 als Tonica hervor bei jedem f hört man es dass h} als
211 291 1441 341 Phonica geläugnet wird. Lassen wir aber aus dem letzten
197 360 1446 411 Gange das g fort, so sind wir beim Aufsteigen immer noch
199 410 378 460 in c-dur
204 738 1448 772 wenn auch der Sprung f — h} herbe empfunden wird. Im
204 780 1444 835 Absteigen scheint der Gang aber nicht mehr mit c zu Ende
198 844 384 899 zu sein:
206 1106 1448 1147 Wir erwarten befriedigend noch das tiefere a} und besonders:
206 1432 1441 1485 und in der That entsprechen die Töne dem phon. e-System
205 1484 1440 1547 e}0, f+, a}0, h}0, c+, e0; und f sowohl, als c haben den Cha¬
210 1562 1439 1604 racter eines absteigenden Leittones erhalten. Aehnliche
201 1611 1442 1660 Experimente lassen sich in gleicher Weise anstellen, wenn
211 1681 1443 1732 wir vom phonischen System ausgehend, absteigende Gänge
205 1730 1441 1778 bilden und dieselben dann als aufsteigende prüfen. Wir
205 1795 1441 1851 kommen aber zu rein entgegengesetzten Bedingungen. Der
209 1858 1439 1924 phon. h} Gang wird ebenso aufsteigend zum tonischen c führen,
211 1931 1436 1987 und das phon e}-System führt zu f-Dur. Die Auslassung
210 1994 1431 2043 des g-Tones führte absteigend zur Phonica e}, ebenso kom¬
202 2075 1436 2123 men wir aus dem phon. e}-System aufsteigend, durch Aus¬
204 2130 1445 2180 lassung der Regnante a}, zum tonischen c}, und so erkennen
206 2196 1447 2236 wir hier wiederum deutlich, wie der Dominantklang g im
