1502 2450
765 106 948 164 224
195 210 1433 268 gangspunkte für Consonanzen erlaubt. Sie haben kein selbst¬
192 268 1432 324 ständiges Recht der Existenz, und die Stimmen in ihnen
193 331 1430 379 bleiben desshalb demselben Gesetz des Fortschritts in den
188 387 1428 444 Stufen der Tonleiter unterworfen, welches zu Gunsten der
192 451 839 509 Consonanzen festgestellt ist 1).”
294 507 1421 555 Diese Auffassung ist, meiner Meinung nach, zwar voll¬
194 562 1437 619 kommen treffend, aber sie ist nicht erschöpfend. Es fehlt
198 636 1425 692 ein positiv bestimmtes Element für den Begriff der Dis¬
197 683 1430 739 sonanz. Ganz ohne solche ist ein Kunstwerk kaum denkbar.
199 746 1446 793 Ein Septimenaccord ist, meine ich, nicht quälend, sondern
194 803 1440 860 nothwendig zum befriedigenden Schluss. Handelt es sich
188 867 1436 914 blos um einen Contrast, so wären die Bestandtheile einer
188 923 1326 981 vorbereitenden Dissonanz willkührlich oder gleichgültig.
296 987 1437 1035 Die positive Bestimmung einer Dissonanz liegt aber in
198 1044 1444 1099 der harmonischen Beziehung zu derjenigen Consonanz, die
194 1107 1440 1155 eine Auflösung der Dissonanz ist. Auf die harmonische
198 1163 1438 1212 Verwandtschaft der sich folgenden Accorde wird es vor
194 1227 1435 1276 Allem ankommen, während die Rauhigkeit des Zusammen¬
196 1283 1443 1332 klanges und die Heftigkeit der Schwebungen sowohl für
194 1344 1442 1396 die Consonanz als auch für die Dissonanzen in instrumentaler
190 1403 1442 1451 Hinsicht maassgebend sind. Verständlich muss vor Allem
189 1459 647 1523 die Klangfolge sein.
303 1522 1439 1571 Versuchen wir eine Grenze zwischen Consonanz und
185 1579 1433 1630 Dissonanz zu ziehen, so dürfen wir die zweistimmigen In¬
198 1644 1435 1692 tervalle nicht als Ausgangspunkt nehmen, weil ihre Deu¬
193 1699 1437 1752 tung keine bestimmte ist. Der zweistimmige Satz
194 1755 1433 1821 kann nur auf Grund einer Theorie der mehrstimmigen Ac¬
198 1818 1017 1876 corde behandelt und untersucht werden.
293 1883 1435 1931 In der Begriffsbestimmung der Dissonanz werden wir
192 1939 1424 2005 wesentlich auch von Hauptmanns Anschauung abweichen,
193 2003 1433 2053 in einzelnen Momenten aber die von ihm gegebenen
194 2059 1423 2109 Gesichtspunkte in unserer, Auffassung mit enthalten sehen.
287 2187 969 2237 1) Siehe auch Helmholtz l. c. pag. 534.
