1502 2450
547 122 834 179 269
58 363 1320 420 kommt aber in der Musik häufig vor, und zwar wird oft
64 426 1303 475 dis und nicht es geschrieben *). Wäre letzteres allein
61 493 1307 538 richtig, so müsste man g+ als vermittelnden Accord sich
65 546 1303 595 denken. Unsere Notenschrift pflegt aber instinktiv sehr
64 603 1296 653 richtig zu sein, und desshalb, meine ich, muss die vorste¬
63 665 1188 715 hende Folge von der folgenden unterschieden werden:
65 955 1306 1002 wo der dritte Accord als doppelt vorgreifender Klang auch
61 1012 1304 1061 vor dem zweiten verständlich ist. (So z. B. bei Beetho¬
62 1075 1297 1124 ven in der A-dur Sonate Op. 2 No. 2: im Rondo grazioso.
61 1131 1240 1187 Modulation in C-dur mit Ausweichung nach halbton. g).
162 1198 1298 1244 Ich glaube nicht, dass man dieses vermittelnden Klan¬
57 1251 1287 1314 ges bedarf; eine vielleicht manchem Leser gewagt erschei¬
57 1313 784 1363 nende Deutung wäre die folgende:
168 1523 1309 1579 Ich halte dieselbe für die einzig berechtigte.
58 1587 1310 1635 Dieser Gestalt finden wir wirklich die Auflösung innerhalb
67 1655 1308 1707 unserer Systeme, nur darf die vorstehende Folge nicht in
61 1724 1304 1765 c-dur, sondern im halbphonischen h}-System gesucht werden.
57 1778 1304 1835 Der Dreiklang c — e} — g erscheint als Dissonanz und die
61 1853 1301 1916 vorstehende Folge als Vorhalt, da e}0 verharrt, während
61 1925 1293 1972 aber h}+ nicht in e}0 übergeht. Letzteres würde die Auflö¬
64 1994 1300 2036 sung als vorgreifenden Klang erscheinen lassen. Die Um¬
166 2120 1305 2162 *) Marx sagt von dieser Folge (Compositionslehre Bd. I pag. 222): „So
62 2162 1301 2212 liebt jugendlicher Ungestüm (im Componisten oder in der Situation) Wen¬
61 2203 420 2260 dungen, wie diese etc.”
