1502 2450
648 135 709 189 3
161 236 1291 285 Wenn auch nicht in dem einheitlich umfassenden Zu¬
61 299 1302 349 sammenhange, wie bei Helmholtz, so sind doch schon seit
58 355 1298 412 Rameau und d’Alembert 1) ähnliche Grundsätze für das
61 419 1291 465 Verständniss der Harmonie ausgesprochen worden. Nament¬
58 476 1287 531 lich hat M. Hauptmann in seinem bekannten Werke:
59 538 1288 604 „Die Natur der Harmonik und Metrik”, Leipzig 1853 auf
60 595 1285 652 den letztgenannten Prinzipien ein System der Musik erbaut.
51 659 1291 705 Helmholtz und Naumann haben den Vorwurf ausgespro¬
59 716 1291 768 chen, dass die der Hegelschen Dialektik entsprechende Ter¬
58 779 1287 827 minologie dieses Buches dasselbe einem grösseren Leserkreise
54 835 1289 892 unzugänglich gemacht habe. Naumann 2) insbesondere sagt:
49 914 1287 954 „Was die an die Spitze derselben gestellten, der Hegel¬
58 954 1290 1001 schen Denkweise entsprechenden philosophischen Begriffe an¬
55 1012 1283 1075 langt, so scheint es uns, als erschwerten sie nur den Zugang
54 1075 1287 1123 zu dem hier so reichlich fliessenden Quell musikalisch-theo¬
55 1144 1298 1188 retischer Belehrung. Für Denjenigen, welcher sich mit der
56 1193 1294 1244 Lehre Hegels von der Bewegung der Begriffe durch die drei
53 1250 1287 1307 Momente des ununterschiedenen mit sich Eins-seins, des von
46 1314 1285 1363 sich Verschiedenseins und der, Beides in sich verbunden ent¬
53 1370 1285 1420 haltenden höhern Einheit nicht befreunden kann, ist es daher
47 1441 1288 1492 mindestens nothwendig, für jene philosophischen Begriffe
51 1504 1292 1541 analoge die gewöhnliche Logik nicht übersteigende Gedanken
48 1547 1286 1603 zu substituiren”. Diesem Urtheil, sofern es ein kritisiren¬
50 1611 1283 1660 des sein soll, kann ich meinerseits nicht beistimmen, denn
46 1668 1279 1723 es darf nicht vergessen werden, dass zur Zeit, als Haupt¬
48 1738 1279 1788 mann sein Werk schrieb, noch nicht die physikalisch-phy¬
49 1799 1279 1844 siologische Grundlage in ihrer Entwickelung so weit gedie¬
42 1841 1288 1900 hen war, wie jetzt durch Helmholtz’s Forschungen. Wohl
160 2043 1289 2084 1) d'Alembert, „Elémens de musique théorique et pratique, suivant les
40 2084 947 2131 principes de M. Rameau. Nouvelle édition. Lyon. 1766.
149 2139 1281 2179 2) C E. Naumann, „Ueber die verschiedenen Bestimmungen der Ton¬
39 2174 1283 2219 verhältnisse und die Bedeutung des pythagoräischen oder reinen Quintensystems
37 2219 863 2259 für unsere heutige Musik”, Leipzig, 1858. pag. 43.
