1502 2450
744 106 854 165 236
187 210 1418 266 in einem Satze ein leicht zu ergänzendes Prädikat fehlt 1).
184 267 1416 316 Welches Prädikat hingehört, ist unter Umständen ganz un¬
181 331 1431 379 zweifelhaft, zuweilen aber doch unbestimmt, und in letzterem
178 387 1429 436 Falle ist der Mangel empfindlicher. — Wie kann, dürfte
181 450 1426 508 Mancher fragen, die kleine Terz e} — g Klänge c+ oder h}0
189 520 1435 563 vertreten, die sie garnicht enthält. Sollten nicht die reell
190 584 1428 635 erklingenden Töne eher ein Recht haben, Vertreter der
187 635 1424 684 Klänge zu sein? — Sobald jeder Ton für sich erklingt, —
185 691 1425 755 gewiss, wenn sie aber zugleich ertönen, namentlich in ge¬
187 755 1428 803 wisser Klangfolge, — gewiss nicht mehr. Es verhält sich
186 805 1436 860 hier ganz wie mit der Sprache: zwei oder mehre Worte
184 883 1431 924 ausser dem Zusammenhange können einen gewissen Sinn an
192 931 1436 979 und für sich haben, einen andern dagegen, wenn sie sich
189 988 1434 1044 auf Vorhergegangenes beziehen. Nicht diese ertönenden
189 1051 1437 1100 Worte (etwa Prädikat und Objekt), sondern der Zustand
184 1121 1433 1172 oder die Thätigkeit des (früher einmal) genannten Subjectes
186 1170 1424 1220 bilden den Inhalt des Gedankens. So tritt im Intervall
184 1235 1421 1291 e} — g die Vorstellung eines c+- oder in anderem Zusammen¬
185 1306 1429 1356 hange die eines h}0-Klanges hervor. Wir erkennen daraus, dass
182 1363 1422 1420 tonischer Grundton und phonischer Oberton eine höhere Be¬
189 1425 1420 1484 deutung haben, als die einzelnen Töne selbst, denn jene sind
185 1483 1432 1531 der Inhalt, der das Wesen aller Beziehung der Töne gegen
187 1540 1421 1596 einander ausmacht, diese dagegen existiren nur mit einander
185 1604 1427 1652 für einen einheitlichen Gedanken 2). Ueber den Unterschied
183 1679 1427 1723 zwischen den Accorden d — f — a} und d} — f — a} bemerkt
175 1737 1428 1787 Helmholtz 3): „Freilich wird in der modernen temperirten
178 1787 1407 1843 Stimmung der consonante Accord d} — f — a} von dem disso¬
183 1868 1420 1916 nanten d — f — a} nicht unterschieden, und desshalb ist der
289 1972 1419 2012 1) So erkläre ich es mir, weshalb in neuerer Musik im Kirchenstyl, nicht
188 2021 1419 2060 mehr, wie früher üblich war, die Terz fortgelassen wird. Der Schluss ohne Terz
183 2059 917 2100 ist aus dem angeführten Grunde unbefriedigend.
286 2092 1418 2134 2) Vergleiche die ausgezeichnet klare Darstellung bei Hauptmann l. c.
176 2131 455 2189 pag. 173. § 255.
278 2178 751 2228 3) Helmholtz, l. c. p. 458.
