1502 2450
653 115 756 173 37
68 219 1304 267 ten Zusammenklanges von seinem Ausgangstone
64 282 1293 332 1.” — Dieselbe symmetrische Lage findet für alle parti¬
63 339 1018 387 ellen phonischen und tonischen Klänge statt.
165 394 1298 459 Für jedes Tongebilde erhalten wir also ein Spiegelbild,
61 459 1302 507 das sich durch die reciproken Werthe der Schwingungszahlen
57 514 417 572 ausdrücken lässt.
161 579 1312 627 Ehe ich weiter Folgerungen über die Eigenschaft der
65 636 1294 690 consonanten Dreiklänge ziehe, wird es zweckmässig sein, an¬
58 700 1305 748 dere Auffassungen, insbesondere die Hauptmann's und
61 755 673 809 Helmholtz's zu besprechen.
158 818 1295 875 Hauptmann 1) stellte den Mollaccord durch Brüche dar,
60 908 1298 971 c:es{:g = $$MATH und wies darauf hin,
63 989 1301 1045 dass die letzteren Verhältnisszahlen sich durch Potenzen mit
65 1053 1294 1109 negativen Exponenten wiedergeben lassen: 6-1:5-1:4-1.
66 1115 1297 1164 Da nun der Duraccord durch eben dieselben Zahlen mit po¬
62 1171 1305 1222 sitiven Exponenten in umgekehrter Reihe sich ausdrücken lässt:
61 1380 1302 1435 so fasst Hauptmann den Mollaccord als Umkehrung des
68 1427 1304 1484 Durdreiklangs auf. Den ganzen bezüglichen Abschnitt will
61 1489 469 1538 ich hier mittheilen:
165 1547 1295 1610 Pag. 32, § 31. „Die Bestimmungen der Dreiklangs¬
71 1609 1301 1675 intervalle sind bisher von einer positiven Einheit ausgehend
71 1668 1305 1726 gesetzt worden, von einem Grundtone, auf welchen sich die
66 1731 1303 1785 Quinte und die Terz bezieht. Sie lassen sich auch in einem
62 1788 1298 1836 entgegengesetzten Sinne denken. Wenn jenes sich so aus¬
71 1851 1298 1915 drücken lässt: dass ein Ton (c) Quint (g) und Terz (e})
69 1915 1294 1964 habe, so würde die entgegengesetzte Bedeutung darin be¬
62 1979 1303 2028 stehen: dass ein Ton (g) Quint (von c) und Terz (von es{)
61 2043 1294 2091 sei. Das Haben ist ein activer, das Sein ein passiver Zu¬
155 2211 672 2267 1) Hauptmann, l. c. pag. 34.
