1502 2450
756 123 883 173 196
206 227 1439 277 wollen. — Der Faktor 5 dagegen wird nur einmal vor¬
210 283 1441 339 kommen müssen, denn wir erkennen die Verwandtschaft der
200 346 1445 398 Doppelterz nicht mehr als eine nahe an. In der That ist
201 412 1010 467 c:gis} = 1:25 während c:d=1:9.
307 491 1441 544 Die vollkommene Reihe der Töne, die auf diese Weise
205 563 1435 613 gewonnen wird, indem wir nämlich die 3 sowohl im Nen¬
204 623 1440 668 ner als im Zähler zweimal, die 5 nur einmal aufnehmen,
208 675 329 724 wird:
310 970 1441 1019 Wir erhalten auf diese Weise das combinirte tonische
210 1026 1438 1083 und phonische System des Tones c. Die vielfachen Momente
212 1099 1440 1154 gegensätzlicher Verwandtschaft dieser beiden Geschlechter
205 1147 1435 1205 haben wir schon kennen gelernt. Es darf uns nicht wun¬
215 1211 1450 1260 dern, wenn die Bestandtheile derselben hier als nah und
212 1283 1447 1332 nächstverwandte auftreten. Es stünde nichts im Wege, den
215 1332 1448 1385 vorliegenden Toncomplex als ein System zu betrachten,
215 1387 1448 1452 wenn es nicht wirklich überreich an Material wäre, und
220 1455 1455 1500 wir consequent weiter noch sämmtliche 12 nach oben und
209 1521 1442 1564 unten verwandte Tonarten und deren Bestandtheile hinzu¬
207 1579 1451 1620 nehmen wollten. Das umfangreiche Kunstwerk müsste ein
207 1627 1444 1680 System von Tönen aufweisen, wie wir ein solches in mög¬
210 1690 1312 1740 lichster Beschränkung bereits pag. 169 entwickelten.
322 1771 1450 1826 Allein in der mannigfachen Folge der Harmonieen wür¬
217 1835 1454 1884 den wir nicht umhin können, bald diesen, bald jenen Ton
209 1906 1457 1955 als Mittelpunkt der Verwandtschaft der vorhergehenden
210 1956 1457 2004 und der nachfolgenden Klänge zu erfassen, d. h. es müssten
213 2011 1441 2067 Modulationen eintreten. Auch würde häufig eine Verände¬
209 2082 1451 2123 rung der Intonation gleichnamiger Töne eintreten. Schon
215 2130 1448 2181 in den siebentönigen reinen tonischen und phonischen Sy¬
221 2195 1448 2243 stemen kennen wir je ein Gebilde, welches leicht eine Mo¬
