1502 2450
547 130 793 180 233
66 228 1310 285 in f im Nenner einmal; in d im Zähler zweimal. — c hat
64 297 1321 356 mit g und d keinen gemeinsamen Faktor; wenn statt c . . . h}
67 354 1301 428 dastünde, so gäbe g — h} — d den gemeinsamen Faktor 3,
62 436 1313 485 und g — h} — d verschmölze in einen Klang g+ der mit
69 490 552 557 f+ combinirt erscheint.
81 695 1279 756 2. Intonation und vielfache Klangbedeutung dissonanter
593 746 773 803 Accorde.
172 867 1299 915 Mehrfach findet man in der obigen Tabelle einen ein¬
66 923 1303 980 zelnen Ton als Vertreter eines Klanges angenommen.
69 987 1309 1037 Hauptmann polemisirt gegen solches Verfahren 1), und
67 1043 1297 1105 meint, „es könne mit dem Dreiklange nur der Dreiklang,
73 1107 1309 1155 nicht das einzelne Accordmoment, der abgesonderte Ton, in
79 1163 1310 1236 Verbindung treten.” Hauptmann betrachtet eben h} — d — f
67 1243 1312 1293 als selbstständigen Dreiklang, und sicht im Septimenaccorde
65 1313 1307 1363 g — h} — d — f die Dissonanz in der Zweiheit des Intervalles
69 1361 1298 1419 h} — d. Abgesehen davon, dass h} — d — f, nicht als Conso¬
75 1427 1307 1475 nanz erfasst werden kann, muss a priori Hauptmanns An¬
71 1482 1310 1539 schauung bezweifelt werden. Zwar kann nicht ein Ton, als
73 1547 1313 1596 Ton, wohl aber als Klang, und zwar als unvollständiger
65 1604 1307 1652 Klang mit einem anderen Klange verbunden werden. Im
70 1667 1307 1723 Sinne Hauptmanns möchte ich sagen: g — h} — d — f ist
64 1736 1309 1795 nicht = g+ + f wohl aber = g+ + f+ zu setzen. So ist
68 1787 1307 1840 wiederum im Sinne der Hauptmannschen Philosophie
63 1855 1310 1916 d — f — a} — c nicht = d + f+, wohl aber = g+ + f+
69 1923 280 1973 zu setzen.
183 1987 1309 2044 Wir sahen schon früher, dass das zweistimmige Inter¬
77 2051 1303 2102 vall in seinem Wesen unbestimmt, und einer doppelten Deu¬
163 2194 784 2243 1) Hauptmann l. c. pag. 96. § 116.
