1502 2450
397 467 943 531 I. Begriff der Dissonanz.
158 596 1297 642 Wenn in Folge des Prinzipes der Phonicität sich schon
56 651 1289 707 für die Klangfolge consonanter Dreiklänge wesentlich von
53 714 1279 772 bisherigen Anschauungen abweichende Gesichtspunkte ergaben,
61 772 1290 827 so wird dasselbe in dem vorliegenden Gebiete in erhöhtem
55 836 1282 884 Grade stattfinden müssen. Am meisten werden wir uns der
57 891 1286 946 Hauptmannschen Darstellung nähern, und speziell auf die¬
60 955 1285 1004 selbe eingehen. Helmholtz's Entwickelungen weichen we¬
59 1010 1285 1074 sentlich ab. Wie ich schon früher darzuthun versucht habe,
62 1075 1293 1124 behandelt Helmholtz nur negative Momente, sowohl der
61 1131 1287 1196 Consonanz als der Dissonanz. Für Helmholtz 1) ist Disso¬
55 1201 1289 1244 nanz „eine Ausnahme von der Regel, nach welcher die
56 1250 1295 1301 verschiedenen Stimmen eines mehrstimmigen Satzes mit
57 1315 1290 1364 einander Consonanzen zu bilden haben.” Als Maass der
54 1371 1280 1419 Dissonanz gilt die mehr oder weniger hervortretende Stö¬
54 1435 1290 1484 rung der gleichzeitig erklingenden Töne. Die Schwebungen
56 1491 1286 1547 bestimmen den Grad der Rauhigkeit. — Die von Helm¬
54 1548 1284 1603 holtz aufgestellten Prinzipien können nur für einzelne In¬
57 1610 1280 1659 tervalle an sich, ohne Zusammenhang mit anderen gelten.
55 1674 1292 1723 Die Dissonanzen sind ihm in ästhetischer Hinsicht, nur „ein
58 1733 1287 1781 Mittel des Contrastes, um den Eindruck der Consonanzen
52 1786 1288 1842 hervorzuheben”, „sie dienen dazu, den Eindruck des Vor¬
57 1850 1279 1916 wärtstreibens in der musikalischen Bewegung zu verstärken,
53 1907 1282 1962 indem das von Dissonanzen gequälte Ohr sich nach dem
59 1971 1282 2020 ruhigen Dahinfliessen des Stromes der Töne in reinen Con¬
53 2028 1281 2079 sonanzen zurücksehnt.” „Dissonanzen sind nur als Durch¬
153 2187 655 2244 1) Helmholtz l. c. pag. 505.
