1502 2450
699 123 967 180 140
214 235 1446 284 werden unmittelbar verständlich sein. Einen wesentlichen
211 291 1446 338 Unterschied bemerken wir zwischen den Quint- und den
214 355 1441 403 Terzschritten. Die ersteren, die Quintschritte sind homo¬
219 421 1454 475 nom, die Terzschritte sind antinom. (Der Schritt in den
215 467 1442 521 Leitklang, als combinirter Quint- und Terzschritt, ist gleich¬
215 532 1444 579 falls antinom). Dass die Identität einzelner Töne kein
217 588 1434 651 Maassstab für das Verständniss einer Klangfolge sein kann,
215 651 1445 698 lehren folgende Beispiele. Es sind blos in einem Tone un¬
219 707 457 762 terschieden
218 1026 1445 1083 Die letztere Folge müsste demnach leichter verständlich sein,
220 1083 1449 1139 als die folgende, in welcher gar keine gemeinsamen Töne
218 1147 452 1196 vorhanden:
317 1331 1451 1387 Dem widerspricht die Beobachtung unmittelbar. Nach
217 1395 1447 1444 unserer Auffassung gelangen wir unmittelbar von einem to¬
217 1470 1452 1524 nischen Klange c — e} — g aus in die homonomen, also
224 1523 1450 1571 tonischen Klänge der oberen und unteren Quinte, sowie
226 1579 1458 1628 in die antinomen also phonischen Klänge der oberen
221 1642 1449 1691 Terz und des Leittones. Auch der letzte Schritt scheint
226 1706 1446 1755 mir nicht einer Vermittelung zu bedürfen. Es ist vielmehr
221 1755 1444 1808 die gleichzeitig vorhandene Terz- und Quint-Verwandt¬
223 1819 1064 1867 schaft der Klänge, die wir in der Folge
218 2012 1459 2066 erfassen 1). — Ganz analog verstehen wir unmittelbar den
321 2123 1448 2163 1) Man könnte auch eine auf doppelte Weise ermöglichte Vermittelung,
215 2171 1451 2212 durch den g+, oder durch den e}0-Klang, annehmen Wesentlich ändert das
222 2218 383 2260 nicht viel.
