1502 2450
681 123 990 180 80
211 229 1455 291 waltenden Schwierigkeiten ab, zumal da wir später Gebilden
215 281 1456 341 begegnen werden, bei denen der Grundbass garnicht einmal
208 347 526 403 bestimmbar ist.
319 402 1458 459 Als Klangbestandtheile finden wir in unseren Systemen
219 479 1394 523 ausser den drei Hauptgebilden noch vier andere vor: In
311 875 1456 923 Die beiden ersten Accorde in jedem Systeme sind uns
218 942 1451 996 schon bekannt. Es tritt im ton. c-System ein e}0- und
217 1011 1449 1067 ein h}0-Klang, ein phonischer Oberterz- und Leitklang,
214 1074 1450 1125 wie wir sie nennen wollen, auf. Analog im phon. e}-System
214 1139 1446 1187 ein c+- und ein f+-Klang, also ein tonischer Unterterz-
210 1194 937 1252 und ein Leitklang zur Phonica e}.
320 1267 1448 1316 Behalten wir die für die Moll- und Dursysteme übli¬
211 1337 1445 1387 che Bezeichnung „Paralleltonart” für das ton. c- und phon.
210 1403 1453 1444 e}-System bei, so dass je zwei Paralleltonarten stets um eine
214 1443 1458 1516 grosse Terz von einander abstehen. Alle Töne sind in
213 1514 1449 1563 beiden Systemen identisch, nur der innerhalb dieser grossen
219 1571 1449 1628 Terz gelegene Ton hat verschiedene Stimmung. Jedes der
215 1633 1454 1692 beiden Tonsysteme hat ausser seinen drei Dreiklängen, zwei
218 1690 1454 1746 der Paralleltonart angehörende Accorde, und zwar je den
222 1746 1440 1806 Hauptaccord der andern, sowie den auf der Nebenseite lie¬
221 1808 1446 1875 genden Dreiklang. Wenn wir vorhin den Dominantaccord
213 1866 1446 1947 g — h} — d Hauptseite des tonischen und analog den Reg¬
219 1947 1444 2003 nantaccord d} — f — a} Hauptseite des phonischen Systems
217 2009 1444 2068 nannten, so ist es sehr bemerkenswerth, dass grade diese
214 2066 1439 2120 beiden Gebilde beziehlich in der Paralleltonart fehlen.
216 2123 1446 2180 Statt derselben finden wir zwei andere dissonirende Dreiklänge
214 2204 1442 2248 d — f — a} und g — h} — d}, vor. Den ersteren nannte
