1502 2450
620 115 723 172 187
153 220 1298 268 α) 2 Klänge reciprok: Homonome Systeme der grossen
63 275 1288 332 Terz und deren Quinte, über der Phonica, und unter der
58 331 1290 388 Tonica der Ausgangssysteme: (Tab. C und D, sub 4 und 5).
59 416 1296 451 — Wiederum erscheinen die Verwandtschaften sub 4 als
51 452 442 517 die wesentlicheren,
152 676 1290 739 β) 1 Klang reciprok: Homonome Systeme der kleinen
62 739 1290 788 Terz und verminderten Quinte über Tonica und unter Pho¬
58 794 1286 852 nica, die erstere wiederum als wesentlichere. (Tab. A und
55 858 1283 907 B sub 3 und 6) also ein Terz und Quintschritt unter To¬
55 916 1276 967 nica und über Phonica, und bei dem anderen noch ein Quint¬
59 979 1288 1027 schritt dazu. Die Ausgangssysteme sind Wege enharmoni¬
57 1035 1161 1091 schen Wechsels für die Veränderung um ein Komma
147 1195 1293 1243 3) Nebenklänge des Ausgangssystemes reciprok den
53 1252 751 1316 Hauptklängen des combinirten:
146 1331 1278 1379 α) 2 Klänge reciprok: Homonome Systeme der gro¬
50 1387 1277 1436 ssen Terz und grossen Septime oder des Leittones (ein Terz-
54 1451 1285 1497 und ein Quintschritt) resp. über der Tonica und unter der
50 1508 1283 1557 Phonica) (Tab. A und B. V und IV). Hier erscheinen die
66 1563 1282 1619 Verwandtschaften der grossen Terz (sub IV) als die wesent¬
49 1626 1272 1677 licheren, weil mit Hülfe der Nebenaccorde eines Ausgangs¬
53 1691 1275 1740 systemes sofort die Hauptseite des combinirten ergriffen
61 1747 163 1803 wird.
142 1828 1282 1891 β) 1 Klang reciprok: Homonome Systeme der grossen
53 1883 1277 1934 Sexte (d. h. ein Quint und ein Terzschritt nach entgegen¬
54 1946 1287 2002 gesetzter Seite) und übermässigen Quarte über Tonica und
56 2003 1278 2053 unter Phonica (d. h. 2 Quint- und ein Terzschritt nach der¬
57 2073 1285 2116 selben Seite). Tab. A und B sub VI und III. Anders als
55 2123 1283 2179 vorhin erscheinen die sub III als die wesentlicheren, da die
53 2181 1173 2237 Hauptseiten der combinirten Systeme ergriffen werden.
