1502 2450
799 116 969 173 218
233 226 1443 274 dem unmittelbar verständlichen d+ (Schlusston). Ana¬
236 282 1438 339 loges gilt für das Spiegelbild in phon. d und die Vermitte¬
221 339 1440 394 lung von f{ nach es{. Hier folgen sich a0 und g0, letzteres vor¬
232 418 1442 475 greifend zu d}0, welches unmittelbar verständlich.
327 491 1447 539 Nach der harmonischen Deutung der Klänge haben die
229 548 997 605 übrigen Systeme folgende Klangfolge.
335 1082 1448 1140 Man sieht, dass von der fünften zur sechsten Stufe in
227 1147 1444 1198 beiden vorstehenden Systemen unmittelbar verständliche
230 1203 1444 1257 Klänge sich folgen; dagegen erscheint auch hier ein vor¬
238 1266 1449 1331 greifender Klang auf der siebenten Stufe, denn von d0
231 1335 1448 1379 nach a+ oder von d+ nach g0 ist beidemal ein antinomer,
230 1386 1449 1436 mithin ein nicht unmittelbar verständlicher Quintschritt
237 1448 1453 1507 gegeben. Für die Doppelleittongeschlechter entsteht noch
232 1506 956 1556 eine neue vermittelte Klangfolge
333 2122 1453 2179 Die Klangbedeutung spricht die Eigenthümlichkeit des
227 2187 1454 2237 Geschlechts deutlich aus. Gleich am Anfang, nachdem der
