1502 2450
541 115 871 171 109
175 1554 1331 1607 Ob wirklich in d-dur oder vielmehr in phon. fis} das
75 1620 1317 1683 Lied zu verstehen ist, scheint schwer zu entscheiden, so
78 1682 1317 1731 lange man nicht die Worte kennt. — Man kann die Melo¬
74 1740 1322 1793 die in ihr Spiegelbild umkehren und es erscheint dann, wie
71 1803 1314 1851 ich meine, die tonische Tonart näher bei fröhlichen Text¬
76 1858 890 1910 worten, ebenso wie hier die phonische.
173 1915 1094 1995 Ich versuche nur einige Takte in phon. fis}.
