1502 2450
663 122 805 172 91
63 226 1307 277 System zu fixiren. Von diesem erwarten wir, dass auch im
57 297 1311 339 absteigenden Gange das Gefühl für die Tonica, wenn wir
53 347 1311 395 mit dieser den Gang beschliessen, nicht geschwächt oder
61 402 386 467 aufgehoben sei:
157 643 1289 692 Wir erkennen den Schlusston c nicht mehr als To¬
63 706 1304 770 nica an, und erwarten deutlich eine Fortsetzung nach h};
65 771 1290 841 und zwar erfassen wir dieses h} als Phonica, da die [Tonica]
57 851 946 917 e} am meisten Befriedigung gewährt, also:
165 1123 1295 1171 Was ist aus der Tonica c geworden? Ein absteigender
64 1187 1304 1244 Leitton 1) für die Phonica h}, ebenso wie beim Aufsteigen
61 1252 1299 1312 h} Leitton zur Tonica c war. In der That haben wir hier
68 1324 1296 1387 genau die symmetrisch gelegenen Klänge des phon. h}-Sy¬
71 1387 195 1443 stems:
70 1499 1288 1555 Diese unterscheiden sich vom ton. c-Systeme, durch den fis}0-
73 1563 1294 1619 Klang, während wir dort f+ haben. Das Gefühl für die
77 1619 1297 1675 Tonica c können wir auch im absteigenden Gange wieder¬
63 1684 933 1749 herstellen durch Einschaltung des f-Tones.
158 1939 1299 1995 Man empfindet hier zwar das Widerstrebende eines ab¬
75 2002 1297 2052 wärts steigenden tonischen Gebildes, aber c tritt deutlich
167 2132 1301 2171 1) Bemerkenswerth ist der Einfluss, den der absteigende Leitton auf die
76 2163 1296 2211 Corrumpirung der ursprünglichen Singnotenschrift der Griechen gehabt hat.
74 2203 505 2268 (s. Fortlage l. c. pag 64).
