1502 2450
773 99 938 158 156
195 203 1454 253 der Töne vorliegt. So erscheinen im letzten Accorde die
195 267 1435 314 Folgen von f — as{ — c und ges{ — b — des{ kaum ver¬
204 330 1442 403 ständlich ohne den vermittelnden Klang: f — as{ — des{,
203 403 1449 452 weil schon dieser des{-Klang nur in Terz und Quintgeneration
200 475 1449 531 mit c verwandt ist, und dann noch die Quintgeneration des
197 523 823 602 ges{ zum des{-klange hinzutritt.
301 603 1441 651 So wie wir für die Klänge eines Systems ein Maass
210 667 1439 715 für die Stärke der Verwandtschaft fanden, ein solches aber
211 722 1448 775 nur bis dahin sich willig fand, wo nur eine Terz und
208 780 1435 830 Quintgeneration vorlag, so stossen wir auch hier auf ana¬
204 843 1436 890 loge Hindernisse. Es muss sich von einem theoretisch be¬
209 913 1446 963 gründeten Gesichtspunkte aus die Klangfolge, oder die Folge
217 955 1441 1012 von Accorden, insofern letztere Klänge vertreten, finden
204 1018 1444 1066 lassen, ganz in derselben Weise, wie früher wir ein Maass
206 1074 1441 1132 für die Verständlichkeit eines Intervalles fanden. Nicht so
210 1144 1445 1187 sehr auf Wohlklang der Harmoniefolgen, wie auch dort
207 1194 1446 1251 nicht auf Wohlklang der Intervalle, sondern vielmehr auf
214 1259 1449 1306 Verständlichkeit derselben wird es hier ankommen. In
208 1314 1440 1363 Rechnung würde hiebei treten die Anzahl unmittelbar ver¬
214 1378 1443 1427 ständlicher Schritte. Zu diesen gehören blos die homono¬
209 1435 1444 1484 men Quintschritte die antimonen Terzschritte
211 1503 1444 1556 und die antinomen Wechsel (oder Octavschritte).
207 1555 1438 1604 Eine funktionelle Beziehung dieser Momente dürfte aber
211 1611 784 1660 sehr schwer zu finden sein.
316 1675 1441 1731 Es wird eine Hauptaufgabe der zukünftigen Musik¬
218 1739 1441 1794 wissenschaft sein, das Chaos der Möglichkeiten zu sichten,
205 1804 1437 1858 durch klar erkannte Gesetze eine Ordnung zu schaffen,
208 1860 1445 1909 durch welche allein die höhere Freiheit der Kunst errungen
214 1928 1442 1980 wird, diejenige Freiheit, die, bewusst oder unbewusst, doch
209 1981 1432 2043 nur unter dem Gesetz bestehen kann, und der jede Will¬
214 2035 700 2085 kühr eine Schranke ist.
305 2107 1447 2151 Mir lag hier hauptsächlich daran, die durch die drei
215 2162 1438 2218 erwähnten Momente gewonnene nahe Beziehung schein¬
