1502 2450
664 114 957 173 256
307 217 1425 276 Ganz anders mit dem anderen Paare, wo der Schwer¬
201 288 1030 339 punkt sich willig findet in den Folgen:
306 475 1437 525 In keinem unserer sechs Systeme existirt eine Cadenz
206 532 1436 587 ähnlich dem vorstehenden Notenbeispiel. Wohl aber kommen
212 593 1435 643 die letzten in den gemischten Systemen vor, und zwar das
210 651 1441 705 Beispiel links in halbphonisch g (instrum. c-Moll), das andere
206 707 1438 771 rechts in halbtonisch a}, dessen Skale a} — h} — cis}} — d} —
209 787 1435 836 e} — f — gis}} — a}. Für das Paar 3) gestattet unsere Theo¬
203 851 1440 899 rie auch keinen unmittelbar verständlichen Schluss, der in
211 909 1177 955 der schwer verständlichen Folge gegeben wäre
301 1107 1445 1161 Ganz wie früher erscheint der antinome Sekundschritt
206 1171 1445 1220 dem Gehör unvermittelt. Anders dagegen wenn man Aen¬
206 1235 1449 1284 derungen der Bestandtheile selbst vornimmt, und das führt
207 1297 1443 1348 uns zur Darstellung der in der modernen Musik so wirkungs¬
205 1362 1448 1411 reich benutzten, verminderten Septimenaccorde. — Die
210 1411 1440 1460 überraschende Einfachheit ihrer Deutung, besonders auch
207 1466 1440 1514 der Nachweis über das Verständniss zweier sich unmittel¬
210 1523 1442 1579 bar folgender Gebilde dieser Art, dürfte am meisten geeig¬
204 1587 1209 1636 net sein, unserer Theorie Anhänger zu schaffen.
208 1755 1449 1804 8. Der verminderte Septimenaccord, die Nonenaccorde
614 1811 1039 1867 und ihre Auflösung.
309 1923 1455 1978 Der verminderte Septimenaccord ist, wie wir schon
208 1979 1450 2037 früher sahen, die Verbindung zweier um eine Quint
205 2052 1445 2101 von einander abstehender antinomer Klänge. Stets
207 2099 1438 2156 findet der obere Ton tonische, der untere phonische Klangver¬
207 2171 1440 2220 tretung. (Umgekehrt entstünde die Discordanz c—es{—e}—g).
