1502 2450
661 119 926 180 106
175 220 1413 284 sen will ich einige speciell anführen weil sie beweisen,
189 283 1417 339 welch eine Macht und zugleich welche Zartheit die Melo¬
181 350 1429 395 dieen des phonischen Geschlechts besitzen. Ich hebe nur
184 403 1412 452 die auffallendsten Beispiele heraus, obgleich die Bearbei¬
177 459 1425 513 tung fast aller Lieder denselben Verwurf verdient. — In
180 523 1132 572 reinem phon. d geht „die Hochlands Wache”.
285 1050 1417 1099 Wäre der Gang in 16teln nicht da, sondern statt des¬
179 1121 1429 1164 sen etwa zweimal g (in Achteln), so wäre sicher der vierte
178 1170 760 1228 Takt verwandelt worden in
285 1403 1426 1474 Jetzt aber begleitet Beethoven das f{ mit b{+, wäh¬
176 1468 1428 1523 rend, wenn man die Melodie allein spielt, ganz ohne Zwei¬
186 1538 1438 1588 fel der Accord a}0 passend gefunden wird. Sehr auffallend
186 1603 1431 1659 ist es, dass in der dritten Zeile statt fis} Beethoven wirk¬
184 1667 1423 1740 lich das f{ beibehalten hat; dafür aber tritt auch eine Mo¬
186 1731 675 1788 dulation nach f-dur ein.
277 1793 1404 1844 Ein Gegenstück zu diesem Gesange ist „Der Abend.”
186 1858 1435 1916 Die Melodie geht rein in phon. e}, wenn man von einem
184 1931 1429 1980 einzigen, wohl fremdartigen, gis}} absicht. Beethoven be¬
178 1995 1420 2055 ginnt und schliesst in a}-moll, modulirt aber schon im zwei¬
183 2060 1427 2108 ten Tacte nach c-dur, — weil ein g vorkommt, — ganz
173 2114 1351 2179 gegen den zarten Liebreiz des Textes und der Melodie:
