1502 2450
785 121 962 173 128
219 224 1449 284 Stelle den Unterregnantklang, demnächst den der Oberreg¬
224 283 675 345 nante für nothwendig.
321 350 1450 403 Demnach fehlen gerade zwischen den einander paral¬
230 403 1452 460 lelen Tonarten die Hauptklänge. Hierin finden wir ein Merk¬
229 470 1459 516 mal für die Modulation in die Paralleltonart. Wer nicht
228 539 1453 595 zugiebt, dass die Verwandlung von d — f — a} in d} — f — a}
226 609 1441 653 und analog die von g — h} — d} in g — h} — d} einer Mo¬
226 659 1452 714 dulation gleichkommt, der muss mit Marx die Berechtigung
232 715 1447 771 des phonischen Systems (also auch des absteigenden Moll¬
228 779 1458 826 systemes) läugnen. Je zwei Paralleltonarten wären dann
238 845 1449 899 einander gleich, eine jede bestände aus sechs Accordklängen,
233 891 1457 956 und hätte einen doppelten Ton, d und d}. Eine Modulation
233 963 1445 1028 geschieht hier auf dem Wege der enharmonischen Verwech¬
225 1020 1454 1083 selung von d in d}, und resp. von d} in d. Die Doppelbe¬
234 1099 1459 1150 deutung des dissonirenden Dreiklanges d f a} als combinir¬
232 1162 1463 1211 ten f+- und g+-Klanges, in welchen ein phon. Element
237 1219 1459 1292 [a}0] zum Theil enthalten ist, geht über in die von a}0, d. h.
232 1299 1461 1348 in ein rein phonisches a}0. Die enharmonische Verwechse¬
229 1355 1459 1404 lung kann übrigens ebensowohl bei anderen Zusammenklän¬
232 1420 1462 1484 gen eintreten. Die verminderten Dreiklänge h} — d — f
236 1497 1457 1556 und h — d} — f} kommen in keinem anderen Systeme
237 1563 1463 1610 vor, da offenbar h} oder f sich sofort verwandeln wür¬
230 1619 1455 1668 den; wenn irgend ein Erhöhungs- oder Erniedrigungs¬
239 1691 1454 1740 zeichen eingeführt würde. Die Doppelbedeutung der Disso¬
229 1754 1462 1795 nanzen h} — d — f und h} — d} — f, im ersten nämlich die von
238 1816 1461 1876 f+ + g+ im zweiten von h}0 + a}0 verwandelt sich durch
237 1876 1460 1923 dieselbe enharmonische Umwandlung, der Art, dass die eine
230 1931 1462 1988 Dissonanz in die andere und umgekehrt, übergeht. — Das
230 2002 1463 2059 d oder d} wird auch von Sängern anders intonirt werden,
234 2065 1464 2123 jenachdem sie den Uebergang nach ton. c oder nach phon.
237 2135 1462 2187 e} erwarten. Jedenfalls hat man nicht das mindeste Recht,
223 2188 1465 2246 in der Theorie den Accord h} — d — f zu bevorzugen, da
