1502 2450
520 115 777 172 175
393 217 932 276 Parallele Verwandtschaft.
37 315 1281 363 Hauptaccorde des Ausgangssystemes || den Hauptac¬
398 378 916 434 corden des combinirten
30 458 1277 500 und die Nebenaccorde des Ausgangssystemes || den Ne¬
317 514 987 569 benaccorden des combinirten.
138 1627 982 1676 Bilden wir eine schematische Uebersicht:
135 1698 1282 1755 Jedes System hat fünf Klänge, die entweder identisch
36 1763 1279 1811 oder in ihrem antinomen Gegensatze in irgend einer andern
38 1819 1272 1869 Tonart vorkommen, ein jeder Haupt-Klang jedenfalls 3 mal
36 1880 1272 1931 identisch (||) in 3 homonomen Tonarten und 2 mal reciprok
38 1939 1272 1996 (X) in 2 andern homonomen Tonarten, — und umgekehrt
35 1999 1268 2052 die Nebenklänge. Die in der Ueberschrift der folgenden
37 2059 1270 2108 Tabellen verzeichneten Klänge spielen diejenige Rolle, welche
42 2131 1272 2179 am Eingange in der ersten Vertikalkolumne steht, in den
37 2179 985 2227 Tonarten des Kreuzungspunktes der Rubriken.
