1502 2450
747 123 983 180 270
203 241 1433 292 wandlung des Zusammenklanges c — e} — g = h} + e}0 in c+
205 299 1117 348 kann erst durch die Folge bedingt werden:
303 643 1343 683 Verständlicher dagegen ist ganz ohne Modulation
306 987 1437 1036 Hier folgen sich zwei Vorhalte, bis zur befriedigenden
206 1051 1069 1108 Auflösung. Demgemäss gehört die Folge
196 1267 1449 1323 nicht in ein tonisches oder phonisches d-System, sondern in
200 1338 1432 1385 das nahverwandte halbphon. cis}. Die vorstehenden Dar¬
207 1396 1441 1452 stellungen enthalten den Schlüssel zu einer Theorie der
205 1459 1436 1507 Chromatik, die schliesslich auf die nahe und eigenthümliche
206 1515 1437 1563 Verwandtschaft antinomer Leittonarten zurückgeführt wird.
300 1606 1450 1643 Auffallender Weise erscheint schwerer verständlich das
191 1650 436 1716 Spiegelbild
198 1873 1433 1932 dessen weitere Behandlung in consequenter Symmetrie des
198 1932 1424 1980 vorigen keine Schwierigkeit macht. Hier aber ist das e} un¬
203 2000 1261 2046 zweifelhaft Vorhaltsnote vor f, und verständlich ist
