1502 2450
760 122 879 173 290
190 227 1403 284 Freilich wird der neunte Takt seine Wirkung nie verfehlen,
193 288 1292 334 weil man von allen vergangenen Qualen befreit wird.
290 340 1402 394 In andern Fällen möchte man unabhängig vom Zusam¬
192 411 1408 460 menhange ebenfalls die Berechtigung der Sequenz läugnen,
191 473 953 524 und doch lässt sie sich rechtfertigen.
293 523 1418 577 Herr Rötscher machte mich auf folgende interessante
190 579 1415 634 Stelle aus Meyerbeers „Struensee” aufmerksam: (1ster Zwi¬
191 642 691 700 schenakt: der Aufruhr:)
289 1811 1410 1857 Man möchte fast glauben, auf dem von Marx ver¬
180 1874 1414 1923 tretenen Gebiete einer „sprungweisen Modulation” sich zu
185 1931 1402 1980 befinden, und dann hätte unsere Harmonielehre mit vorstehen¬
186 1987 1402 2043 der Sequenz gar nichts zu thun. Lassen wir den ersten und
191 2051 1405 2098 vierten Takt fort, so liesse sich die Stimmung sicher bestim¬
187 2112 1400 2172 men. Der fis}-moll-Accord (= cis}0) ist vorgreifend vor d+
178 2182 1418 2227 zu fassen, und wird durch die mächtig wirkenden Takte 5
