1502 2450
620 139 808 198 225
63 251 1294 298 Ich will versuchen in kurzen Zügen Hauptmanns Darstel¬
68 307 492 371 lung wiederzugeben:
165 376 1301 427 „Die melodische Folge als Zusammenklang
66 426 1293 492 gesetzt, ist die Dissonanz.” Unterschieden wird melodi¬
61 490 1300 540 sche und harmonische Folge. Bei der letzteren bilden zwei
62 548 1306 594 einander folgende Töne ein Dreiklangsintervall, mithin in
62 622 1307 684 der c-dur Tonleiter auf c die Töne e}, f, g, a}, dagegen sind
68 675 1303 726 die einzigen „wesentlich melodischen” Folgen c — d und
61 753 1297 811 c — h}, weil die Intonation hier nicht unmittelbar, sondern
70 803 1303 858 blos vermittelt, möglich ist. Lässt man die Folge c — d
67 875 1304 924 gleichzeitig ertönen, so hat der Ton g, der in der Folge
68 922 1289 979 beider aus der Bedeutung der Quinte in die eines Grund¬
72 985 1300 1051 tones übergeht, im Zusammenklange c — d oder g — c — d
70 1043 1300 1108 gleichzeitig beide Bestimmungen. Dieser Widerspruch,
71 1107 1298 1156 als ein bestehender, ist das Wesen der Dissonanz. In¬
71 1164 1298 1227 dem c oder d resp. nach h} oder e} übergehen weicht die eine
71 1234 1306 1283 Bedeutung des Tones g der anderen, der vorübergehende
70 1291 973 1355 Widerspruch ist „Auflösung der Dissonanz.”
168 1355 1308 1403 Diese Bestimmungen beziehen sich zunächst auf den
66 1412 1303 1468 sogenannten Vorhalt, werden aber sogleich auch auf die
71 1475 1307 1523 Dissonanz der Septimenharmonie erweitert, sofern folgende
69 1539 1302 1588 zwei Momente festgehalten werden: 1) „eine Dissonanz kann
66 1602 1309 1644 nur aus einer Folge hervorgehen und 2) das Verständniss
71 1667 1311 1707 einer Dissonanz liegt nicht in dem Verhältniss der beiden
66 1715 1314 1763 dissonirend zu einander klingenden Töne, sondern in einem
75 1771 1302 1835 ausser ihnen liegenden, durch ihren Zusammenklang
72 1836 1302 1883 zur Zweiheit bestimmten Moment 1).” „Der Septimenaccord
75 1891 1309 1943 ist der Zusammenklang zweier durch ein gemeinschaftliches
71 1948 1305 2004 Intervall verbundener Dreiklänge. Er bildet sich durch den
78 2011 1305 2067 Uebergang aus dem einen in den anderen, indem der erste
77 2083 1305 2124 mit dem zweiten noch fortbesteht.” So entstehe aus dem
173 2231 666 2276 1) Hauptmann l. c. p. 75 ff.
