1502 2450
523 131 784 180 211
35 239 1261 284 rückführen. Von diesem Gesichtspunkte aus büssen wir
40 305 1266 355 garnichts gegenüber der älteren Musik ein, gewinnen aber
25 354 1265 410 eine reichere Harmonienentfaltung. Wenn Helmholtz 1)
35 411 1264 475 das Prinzip der Tonalität ein „frei gewähltes Stilprinzip”
27 474 1256 524 nennt, so kann ich dem nicht beipflichten. Dem wider¬
33 546 1277 595 spricht auch der ebenda geäusserte Gedanke, der, wie ich
36 601 1263 644 meine jene Behauptung völlig aufhebt: „Wenn unsere
36 651 1268 700 Theorie des modernen Tonsystemes richtig ist, muss dieselbe
30 722 1260 763 auch die Erklärung für die früheren, unvollkommeneren
34 771 1257 819 Stadien der Entwickelung abgeben können.” Diese Anfor¬
35 834 1256 883 derung ist vollkommen treffend bezeichnet. Nur muss fest¬
38 891 1267 948 gehalten werden, dass man es wirklich mit Musik zu thun
45 948 1263 1005 habe, und nicht mit willkührlich zusammengestellten Tönen
39 1009 1243 1075 (die arabischen Leitern haben zum Theil dieses Ansehen).
36 1068 1263 1123 Die Entwickelung der Musik ist identisch mit der Entwicke¬
45 1130 1266 1180 lung der Prinzipien der Tonalität und Phonalität. Prakti¬
46 1196 1262 1243 sche und theoretische Ausbildung sind hier streng von ein¬
43 1258 1269 1315 ander zu scheiden. Sie sind von einander abhängig, aber
47 1309 1265 1358 die erstere kann ohne die letztere bestehen. Wenn über¬
48 1370 1266 1419 haupt eine Entwickelung der Musik gedacht wird, so musste
48 1426 1266 1483 das Prinzip der Tonalität und Phonalität sich heranbilden.
52 1490 1272 1539 Das müssen wir behaupten, so lange nicht ein anderes Prinzip
50 1547 1264 1598 rationell begründbar erscheint. (Das Palestrinasche Stabat-
52 1605 1268 1660 Mater von dem Helmholtz spricht, wird mit seinen am
52 1666 1258 1730 Eingange gebrauchten, nicht unmittelbar verständlichen Klang¬
42 1725 1269 1777 folgen (a+ — g+ — f+ — e+ — f+ — d0 — a+) auch auf den
51 1786 1278 1836 Zuhörer damaliger Zeit keinen anderen Eindruck gemacht
54 1844 1275 1896 haben, und ein solcher hätte eine schnell fortschreitende
56 1906 1273 1964 Modulation erkennen müssen. Anders liesse sich das Vor¬
55 1971 1276 2027 kommen von h} und b{ in der Melodie der ersten drei Takte
58 2051 1272 2107 nicht erklären). Wenn Helmholtz behauptet, dass neben
135 2222 642 2267 1) Helmholtz l. c. pag. 383
