1502 2450
524 122 791 188 139
130 227 1276 272 Helmholtz gestattet dagegen die unmittelbare Folge
50 427 1277 475 und zwar weil dem c-Klange unmittelbar verständlich der
48 476 1277 547 der Klang der Quinte f folgt. Ebenso gestattet ferner Helm¬
37 540 673 603 holtz unmittelbar die Folgen
38 882 1275 932 und hält die letztere für natürlicher als die obige 1),
37 1075 1276 1131 weil „a} — c — e} einen unreinen a}-Klang mit eingemischtem
41 1139 1279 1187 c-Klange darstellt, der vorher bestehende c-Klang also auch
38 1195 1276 1245 mit zwei Tönen im folgenden Accorde enthalten bleibt” (p. 539).
130 1259 1269 1315 Der Leser wird sich überzeugen, dass die Auffassung,
42 1315 1276 1366 wie ich sie jetzt zu beschreiben beabsichtige, einfachere
41 1371 1266 1428 Gesichtspunkte giebt. Wie wir am Anfang auf Grund der
41 1436 1277 1483 von Helmholtz dargestellten Prinzipien eine Verwandtschaft
38 1491 1271 1548 der Töne feststellten, so thun wir jetzt ein Analoges mit
39 1555 1273 1603 den Accordklängen, indem wir unmittelbar die Prinzipien
37 1610 1262 1660 der Verwandtschaft der Töne auf die der Accordklänge über¬
31 1674 1273 1726 tragen. Wenn die Quinten, und demnächst die Terzen als
34 1731 1275 1784 nächst verwandte Töne galten, so werden wir ein Gleiches
40 1794 669 1859 hier beobachten. Die Folgen:
