1502 2450
760 106 867 157 172
290 205 1433 259 Die in Klammern geschlossenen Systeme stehen an der
189 268 1429 316 Gränze der direkten Verwandtschaft, und haben wohl noch
186 337 1423 382 gemeinsame Töne mit dem Ausgangsgeschlecht, aber weder
193 387 1422 435 identische noch rein gegensätzliche Klänge. — Der Leser
191 443 1418 494 wird sich leicht von der hier herrschenden vollkommenen Sym¬
194 506 1424 564 metrie überzeugen. In eine Tabelle gebracht erhalten wir:
286 915 1421 963 Jedes zu diesen Tönen gehörige System hat eine cha¬
196 972 1428 1020 racteristische Verwandtschaft zu den beiden Ausgangssyste¬
191 1041 1429 1092 men. Wir wollen diese jetzt für jedes einzelne System in
201 1091 1417 1139 Worte kleiden. — Für die Worte „parallel” und „reciprok”
186 1154 1014 1208 gebrauchen wir die Zeichen || und X.
181 1443 1440 1506 A. Homonome Systeme, Tab. A u. B.
506 1562 1116 1619 I. Parallele Verwandtschaft.
