1502 2450
738 106 939 159 132
169 212 1412 266 sich heranbilden. Wohl zu bemerken ist aber, dass c in f-dur
166 267 1419 313 Doppelbedeutung erhält, denn es wird Dominante und [Pho¬
177 330 1405 387 nica]; bei der Modulation nach g-dur wird dagegen c, wel¬
179 387 1413 435 ches Tonica und [Unterregnante] war, blos Unterdominante.
179 440 1415 498 Ein Blick auf das Schema (pag. 68) wird diesen Unterschied
173 514 1418 564 sogleich dem Leser scharf gegenüber stellen. Von grösster
186 564 1411 612 Wichtigkeit scheint mir das Moment für die meist nach der
182 620 1407 683 Oberdominantseite stattfindenden Modulation zu sprechen,
183 683 1414 731 dass ein Schluss, eine Rückkehr zur ursprünglichen
182 739 1419 796 Tonica leichter wird; „denn wenn die Modulation sich schon
174 803 1421 851 so leicht nach der Unterdominantseite wendet, so wird sie
177 872 1407 916 noch williger aus der Oberdominant nach der Tonica zurück¬
176 923 1421 971 kehren, während eine Modulation nach der Unterdominant
186 977 1417 1042 den tonischen Character sogleich auf diese fallen lässt, und
184 1052 1424 1092 erst eine neue Spannung erfordert wird, ihn für die Tonica
186 1099 1420 1155 wieder zu gewinnen 1)”. Unsere Musiker moduliren daher,
181 1171 1410 1219 wie das schon längst erkannt ist, wenn sie in Dur bleiben,
186 1228 1416 1276 meist nach der Oberdominante hin. Ganz anders im phonischen
182 1274 1416 1332 System und auch in der Molltonleiter. Um den bisherigen
179 1339 1407 1396 fast allgemein angenommenen Standpunkt zu kennzeichnen,
183 1396 1403 1451 setze ich den bezüglichen Abschnitt aus der Hauptmann¬
186 1467 773 1524 schen Entwickelung hierher:
286 1514 1426 1578 „So ist die regelmässige modulatorische Form unserer
182 1579 1419 1628 Musikstücke der Durtonart, dass sie in der Mitte nach der
187 1635 1415 1688 Oberdominant übergehen, blos die vernünftig - naturge¬
182 1699 1423 1747 mässe. Es ist der Fortgang überhaupt, der vom Anfang aus
183 1755 1414 1811 kein Rückgang sein, also nicht nach der Unterdominant füh¬
178 1822 1427 1868 ren kann. Das Zurückgehen aus der Oberdominant nach
185 1879 1421 1931 der Tonica aber ist die Heimkehr”. Es wäre nur noch als
186 1931 1419 1987 wesentlich zu bezeichnen, dass das g in c-dur selbst bereits
184 1995 1423 2047 eine grössere Rolle spielt als f, und dieses Moment tritt
181 2065 938 2109 noch hinzu. Weiter aber heisst es:
282 2194 768 2252 1) Hauptmann l. c. pag. 187.
