1502 2450
626 116 772 171 95
53 219 1281 269 Die Ouverture geht in F-moll, und bringt hier eine Modu¬
50 274 1284 332 lation nach C-moll oder phon. g. Daher as{ Leitton zu g.
50 346 1281 402 Nicht genug dass das as{ kräftig im Bass hervortritt, die
53 418 1276 467 Viola hält durchweg die Figur g as}, den Kampf beider
51 483 1282 533 Töne gewissermassen darstellend; selbst im tonischen g-
49 547 1279 604 klange in den letzten vier Takten weicht das as{ nicht,
52 610 1281 667 unterdess die Hörner unausgesetzt hell und hoch die Phonica
41 675 1283 731 g ertönen lassen. Man bemerke noch in der zweiten Violine
50 731 1279 788 den Sprung g′ g′ as{′ h}, vom absteigenden Leitton der Pho¬
49 819 1277 860 nica zum aufsteigenden der [Tonica] 1). Aehnlichen Stellen
50 866 615 933 begegnet man sehr häufig.
163 987 1162 1034 5. Harmonisirung des phonischen Geschlechts.
138 1075 1272 1124 Die fünf Klänge unserer beiden Systeme sind, als ein¬
50 1130 1284 1177 zelne Töne genommen, Bestandtheile vieler Volksgesänge.
51 1187 530 1251 Die Skala des Olympos
47 1323 1281 1378 bleibt bemerkenswerth, selbst dann, wenn sie wirklich eine
48 1387 1285 1435 Beschränkung der dorischen Leiter ist 2). „Plutarch”, schreibt
50 1443 1280 1500 Ambros, „führt eine historische Notiz des um 400 Jahre
51 1507 1279 1555 älteren Aristoxenos” an, dass, „Olympos unter den Musikern
46 1564 1282 1619 für den Erfinder des enharmonischen Geschlechts gelte, denn
54 1627 1279 1675 vor ihm war Alles diatonisch und chromatisch. Sie vermu¬
46 1683 1280 1731 then aber, es sei diese Erfindung in folgender Weise ge¬
42 1747 1280 1796 schehen: Olympos sei, im diatonischen (phonischen) Geschlecht
45 1796 1279 1850 verweilend, und in der Melodie öfter die diatonische Parhy¬
46 1871 1286 1923 pate (den Leitton f) berührend, auf diesen Ton öfter mit
146 2034 1283 2074 1) Eine, abgesehen von den hier vorgeführten Einzelnheiten, gründlich
50 2074 1284 2116 durchgeführte Analyse mehr ästhetischer Art, bei Lobe: „Lehrbuch der musik.
45 2115 840 2156 Composition Leipzig, 1864 Bd. II, pag. 105 und ff.
145 2164 1288 2212 2) Ausführlich berichtet hierüber Ambros l. c. Bd. I, pag. 371 s. auch
41 2211 839 2252 Helmholtz pag. 406 und Plutarch l. c. cap. XI.
