1502 2450
638 111 908 156 18
266 722 1417 775 Der Vortheil meiner Schreibweise wird noch aus theo¬
165 787 1413 842 retischen Gründen später einleuchten. — Da meistentheils
169 850 1414 898 die absolute Tonhöhe gleichgültig, haben wir nur kleine
165 907 1055 971 Buchstaben nach meiner Schreibart nöthig.
265 970 1413 1019 Nach der soeben erklärten Regel findet man leicht das
168 1027 1402 1077 Schwingungsverhältniss zweier gleicher Buchstaben mit ver¬
169 1112 686 1155 schiedenen Strichen e : e}.
174 1220 1419 1275 also e : e} = 81:80 = pythag. Terzton : reinem Terzton. Das
175 1283 1413 1339 Intervall 80:81 heisst „Komma”. Ein jeder Strich über dem
171 1340 1418 1395 Buchstaben vertieft denselben um ein Komma, ein Strich
177 1402 1054 1453 drunter erhöht denselben um ebensoviel 1).
271 1627 1406 1684 Beiläufig sei noch bemerkt, dass da die absolute Ton¬
176 1690 1412 1747 höhe nicht immer bemerkt zu werden braucht, alle Inter¬
176 1748 1413 1797 valle in engster Lage von der Tiefe nach der Höhe hin ge¬
180 1811 1408 1867 dacht werden, wenn keine besonderen Bemerkungen ange¬
179 1907 1403 1979 geben sind, so dass h:e nicht das Verhältniss $$MATH,
171 2018 684 2099 sondern $$MATH bedeutet.
276 2201 791 2252 1) Helmholtz, l. c. pag. 428.
