1502 2450
508 123 790 179 151
130 450 1268 498 Noch eine nicht ganz unwesentliche Bemerkung möchte
48 506 1267 563 ich bei dieser Gelegenheit anknüpfen. Nach den bisherigen
46 571 471 636 Anschauungen gelten
195 648 1113 700 c — e} — g und c — es{ — g für c-Klänge
191 715 1118 763 b — des{ — f und b — d} — f für b-Klänge.
41 778 815 835 Soll das Verständliche der Klangfolge
39 1061 1265 1116 eine Erklärung darin finden, dass zwei um einen ganzen
41 1122 1269 1170 Ton von einander abstehende Klänge sich folgen, so dürften
39 1180 1272 1234 wir einen eben solchen Wohllaut in der Folge C-moll, b-dur
45 1459 1272 1515 erwarten, denn hier wie dort folgen sich zwei um eine Se¬
49 1522 1264 1571 cunde abstehende Klänge; statt dessen macht uns die letz¬
49 1578 1278 1636 tere nicht nur einen schwer verständlichen, sondern auch
37 1642 1267 1699 unbestimmt vermittelten Eindruck, und diese Thatsache,
51 1713 1272 1763 wenn sie zugestanden wird, bedarf der Erklärung. In der
45 1763 1271 1812 That wissen wir, dass in phon. g, die Stufe b} keinen con¬
39 1826 1277 1878 sonanten Dreiklang trägt; die einfachste Vermittelung findet
42 1893 1269 1940 sich in der Paralleltonart von phon g, d. h. in es{-dur. Nach
48 1956 1275 2003 unserer Darstellung haben wir weder dort noch hier einen
45 2011 1269 2067 Secundschritt der Klänge, sondern im ersten einen antino¬
46 2067 1267 2124 men Quintschritt von c+ zu f0 im zweiten aber einen
49 2131 1273 2188 minder unmittelbaren, nämlich einen antinomen Schritt um
44 2204 1273 2259 eine kleine Ober-Terz (oder grosse Sexte) von g0 nach b{+.
