1502 2450
518 115 819 171 73
66 211 1278 283 Versuchen wir dieselben zu einer Cadenz zusammenzustellen,
67 275 1279 331 so bemerkt man einen Mangel im Gegensatz und zwar einen
64 339 1286 388 solchen, der als Hauptursache der gewöhnlichen unsymmetri¬
62 394 1283 452 schen Harmoniedarstellungen sich geltend gemacht hat. Ob
64 452 1280 507 dieser Mangel ein gesetzlich begründeter, oder ob er nicht
59 515 1281 561 vielmehr, wenigstens zum grossen Theil, Folge einer Verwöh¬
66 579 1281 628 nung unseres Gehörorganes, ist sehr schwer zu entscheiden.
64 635 1282 684 Es zeigt sich nämlich, dass bei den Durharmonieen zum voll¬
61 699 1279 748 ständigen Schluss bei mehrstimmigen Accorden der tonische
62 755 1281 803 Grundton im Bass liegen muss, während jeder beliebige Be¬
59 818 1283 866 standtheil des Dreiklanges als oberste Stimme erklingen
63 866 1285 924 kann. Gegensätzlich sollte man nun nach der umgekehrten
58 930 1285 980 Herleitung des phonischen Geschlechts erwarten, dass alle¬
64 994 1277 1053 mal der phonische Oberton in der obersten Stimme liegen,
58 1051 1279 1096 und der Bass unbestimmt bleiben müsse. — Indess empfin¬
65 1107 1286 1156 den wir auch in diesem Geschlechte nur dann einen befrie¬
66 1171 1285 1220 digenden Schluss, wenn die [Tonica] tiefster Ton, während
63 1227 1177 1280 die Phonica keineswegs höchster Ton zu sein braucht.
152 1291 1289 1347 Nehmen wir, vorgreifend, — die nähere Begründung
61 1348 1290 1406 gehört in die Theorie der Dissonanz, — zur Bildung der
58 1411 1283 1456 Cadenzen doch statt des Dominantdreiklanges den Dominant¬
59 1467 1286 1516 Septimenaccord, so erhalten wir als Gegensatz im phonischen
67 1523 1289 1580 Geschlecht einen Regnant-Septimenaccord, d. h. einen ganz
62 1594 1228 1645 analog gebildeten Septimenaccord unter der Regnante a}
62 1714 700 1787 also in ton. $$GRAPHIC
136 1779 749 1844 in phon. $$GRAPHIC
151 1915 1289 1980 Behalten wir ferner den vollständigen Gegensatz bei,
61 1973 1284 2037 so dass in ton. c die Tonica, Dom. und Unter Dom. im Bass,
56 2043 1291 2092 in phon. e}, Phon., Regn. und Ober-Regn. im Discant er¬
62 2098 551 2155 scheinen, so haben wir:
