1502 2450
770 115 939 166 106
211 215 1437 268 wir Wechselsysteme nennen. Sub 2 und II oder sub 3 und
207 275 1440 330 III müssen wir solche Wechselsysteme annehmen. — Die
200 346 1442 387 reciproke Verwandtschaft nimmt zu, je weiter wir uns in
202 404 1447 452 reinen Quintschritten fortbewegen; sub 4 und IV, 5 und V
202 451 1442 506 finden wir je zwei gegensätzliche Klänge, sub 6 aber blos
209 515 1440 563 einen gegensätzlich verwandten Klang, der sub 7 verschwin¬
200 585 1446 635 det. Dafür erhalten wir eine neue gegensätzliche Beziehung
210 627 1438 702 sub 6 durch enharmonischen Wechsel, indem wir fis} in ges{,
199 708 1433 763 b in ais}} verwandeln; ebenso unten finden wir sub VI Wech¬
205 772 1438 818 selsysteme. Eine andere Art reciproker Verwandtschaft be¬
200 846 1448 900 ginnt bei der Verwandlung von fis} in ges{ und resp. von b
196 905 341 965 in ais}}.
310 971 1442 1027 Weiter sieht man leicht, dass durch diesen Wechsel
201 1049 1435 1100 der Cyclus sämmtlicher mit ton. c und phon. e} ver¬
206 1109 1433 1155 wandten homonomen Systeme geschlossen ist, da die Combi¬
203 1159 1443 1218 nationen sub 5, 6 und 7 resp. mit denen sub VII, VI
203 1226 1436 1283 und V identisch sind. Im Ganzen sind mithin mit jedem
201 1274 1437 1332 Systeme 12 andre homonome Systeme, und zwar 5 paral¬
210 1339 1436 1387 lel (deren eines identisch) und 7 reciprok verwandt.
195 1395 1446 1449 Die Art reciproker Beziehung sub 3 bis 6 ist aber eine
198 1468 1435 1516 andere als die sub III bis VI. Jedes System besitzt, wie
209 1515 1434 1572 wir wissen, 5 Klänge, und zwar 3 homonome, 2 antinome,
205 1576 1428 1634 (ton. c hat die 3 ton. Kl. f+, g+ und c+, und zwei anti¬
202 1646 1441 1700 nome e}0 und h}0, und ähnlich, nur umgekehrt in phon. e}).
205 1701 1433 1756 Die drei homonomen Klänge bilden den Hauptbestandtheil
206 1762 1428 1828 jedes Systems, und wenn diese ihren antinomen Gegen¬
202 1820 1431 1875 satz in der combinirten Tonart finden, so wird die Ver¬
206 1881 1440 1931 wandtschaft der letzteren eine engere sein. Man bemerke
198 1939 1435 1988 hiebei aber folgendes: So lange homonome Systeme mit ein¬
201 2011 1442 2060 ander combinirt werden, können nur je die Hauptaccorde
207 2059 1440 2108 oder je die Nebenaccorde in beiden Systemen identisch
202 2114 1427 2171 sein. So z. B. in ton. c und ton. g die Identität der Ac¬
200 2198 1447 2236 corde c — e} — g, g — h} — d, welche als Duraccorde in
