1502 2450
636 122 793 182 157
60 226 1307 283 bar ferner Gebilde darzuthun, eine Beziehung, die uns
64 290 1300 348 gelehrt hat, dass schon eine durch drei Gaintschritte ver¬
57 355 1312 403 mittelte Klangfolge nicht mehr verständlich ist. Hiemit ist
59 405 1305 460 der Beweis dafür gegeben, dass c-dur z. B. nicht mit einem
62 467 1302 515 um fünf Quintschritte entfernte h-dur verwandt sein kann.
61 523 1306 579 Dann aber sollte ein Hauptaugenmerk auf die duale oder
61 588 1305 644 gegensätzliche Fortschreitung gerichtet werden, wie sie sich
59 642 1195 697 vom Prinzip der Tonicität und Phonicität aus ergiebt.
169 706 1313 756 Da nur Hauptmann das letztere zum Theil bei der
58 762 1304 820 Deutung des Mollaccordes anwandte, ohne consequent sein
62 820 1312 879 System zu entwickeln, so finden wir auch nirgends eine
57 883 908 942 gegensätzliche Harmoniefolge dargestellt.
171 938 1306 995 Man vergleiche hierüber nur die bezüglichen Abschnitte
66 1002 1308 1059 in den Harmonielehren. Eine mannigfaltig, und nach
60 1059 1308 1116 bisherigen Grundsätzen der Harmonielehre geordnete Zu¬
61 1122 1306 1174 sammenstellung der Klangfolgen finde ich bei Fr. Schnei¬
61 1179 1302 1234 der „Elementarbuch der Harmonie und Tonsetzkunst. Leip¬
60 1242 1302 1300 zig. Zweite Aufl. 1827.” — „Durch vermittelnde Accorde”,
57 1299 1304 1354 heisst es § 144, „kann man auf sehr natürlichen Wegen in
67 1365 1303 1419 Tonarten, die von der ersten weit entfernt sind, aus¬
62 1419 1302 1467 weichen.” Die Gesichtspunkte, von welchen aus die Ueber¬
57 1491 1308 1538 gänge untersucht werden, sind unabhängig von der reinen
61 1539 1314 1594 Stimmung, und wenig zwingend. Die Resultate sind daher
65 1609 1307 1660 andere, als wir sie gefunden. Zudem fehlt die symmetrisch
59 1666 1315 1724 gegensätzliche Behandlung und es fehlt die Erklärung des
73 1715 1305 1771 Verständnisses irgend einer Klangfolge. Regeln erschei¬
57 1780 1304 1832 nen dort nur als historisch gewordene, nie als in sich ge¬
59 1835 242 1891 forderte.
168 1906 1309 1960 Bei Marx dagegen, der nicht geringe Verdienste um
57 1963 1314 2020 freiere Behandlung der Harmonieen hat, scheint mir ebenso
65 2027 1304 2076 die Willkühr gepriesen zu werden, wie auf anderer Seite
70 2083 1310 2132 er die „Naturfortschreitungen” empfiehlt. Man vergleiche
68 2154 1305 2196 namentlich den Abschnitt (pag. 244): „Die Modulation unter
70 2203 1301 2251 dem Einflusse des Melodieprinzips”, wo Melodie und Har¬
