1502 2450
545 123 824 172 273
160 443 1302 498 In beiden Fällen ist der mittlere Accord in Bezug auf
58 508 1289 555 den einen Bestandtheil der Dissonanz ein vorgreifender.
65 563 1287 611 Lässt man je den letzten fort, so hat der Schluss den Cha¬
58 620 1300 675 racter einer Cadenz in die Dominante oder Regnante. Weder
64 683 1296 731 beim verminderten Septimenaccorde, noch hier bei dem früher
70 746 1301 811 betrachteten übermässigen Dreiklange b{ — d — fis} darf
57 819 1283 864 ein bestimmter Grundbass angenommen werden, wie d’Alem¬
60 874 572 933 bert schon bemerkt hat.
155 938 1303 985 Lehrreich sind die obigen Beispiele in so fern, als die
59 995 1290 1056 Terztöne fis} und b{ nicht wie sonst früher in f{ und h} ver¬
59 1075 769 1124 wandelt werden dürfen. Denn in
58 1499 1292 1555 findet für die eine Seite des Doppelklanges ein verständlicher
59 1563 1290 1612 Schritt in den reciproken Klang statt; gleichzeitig hören
57 1630 1287 1683 wir aber die ganz unvermittelten Doppelquintschritt-
62 1674 1290 1740 Folgen. Das erste der vorliegenden Beispiele ist dasjenige,
57 1738 1294 1787 welches Helmholtz für eine „unverstandene Ruine der alten
59 1795 1285 1851 Tongeschlechter” ansieht 1). Ich glaube, dass im Vorliegen¬
62 1858 1291 1916 den ein genügender Beweis dafür gegeben, dass beide Ca¬
59 1915 1296 1971 denzen wohl zu keiner Zeit verstanden worden sind. Später
57 1977 1291 2037 (Seite 471) kommt Helmholtz noch einmal auf diesen so¬
62 2049 1290 2108 genannten übermässigen Sextenaccord es{ — g — cis} zurück
158 2195 643 2251 1) Helmholtz l. c. pag. 438.
