<?xml version="1.0" encoding="UTF-8" standalone="yes"?>
<PcGts xmlns="http://schema.primaresearch.org/PAGE/gts/pagecontent/2013-07-15" xmlns:xsi="http://www.w3.org/2001/XMLSchema-instance" xsi:schemaLocation="http://schema.primaresearch.org/PAGE/gts/pagecontent/2013-07-15 http://schema.primaresearch.org/PAGE/gts/pagecontent/2013-07-15/pagecontent.xsd">
    <Metadata>
        <Creator>prov=University of Rostock/Institute of Mathematics/CITlab|PLANET AI GmbH/Gundram Leifert/gundram.leifert@planet-ai.de:name=ONB_Newseye_GT_M1+(htr_id=10810)::::v=2.6.7
prov=University of Rostock/Institute of Mathematics/CITlab|PLANET AI GmbH/Tobias Gruening/tobias.gruening@planet-ai.de:name=de.uros.citlab.module.baseline2polygon.B2PSeamMultiOriented:v=2.6.7
prov=University of Rostock/Institute of Mathematics/CITlab|PLANET AI GmbH/Tobias Gruening/tobias.gruening@planet-ai.de:name=/net_tf/LA73_249_0mod360.pb:de.uros.citlab.segmentation.CITlab_LA_ML:v=2.6.7
Transkribus</Creator>
        <Created>2021-03-18T14:22:16.883+01:00</Created>
        <LastChange>2021-05-29T20:06:07.100+02:00</LastChange>
        <TranskribusMetadata docId="634080" pageId="24814894" pageNr="267" tsid="58442191" status="DONE" userId="74363" imgUrl="https://files.transkribus.eu/Get?id=ZEADOHPBJOMLASQATMSLSZSD&amp;fileType=view" xmlUrl="https://files.transkribus.eu/Get?id=EPUOUWJQNFGLUCWFYTLZHFSG" imageId="19136293"/>
    </Metadata>
    <Page imageFilename="Oettingen_Harmoniesystem_in_dualer_Entwickelung-0276.jpg" imageWidth="1502" imageHeight="2450" type="content">
        <ReadingOrder>
            <OrderedGroup id="ro_1624195894095" caption="Regions reading order">
                <RegionRefIndexed index="0" regionRef="TextRegion_1621427924954_1297"/>
                <RegionRefIndexed index="1" regionRef="TextRegion_1621427924954_1296"/>
                <RegionRefIndexed index="3" regionRef="TextRegion_1621427914381_1288"/>
                <RegionRefIndexed index="5" regionRef="TextRegion_1621427949771_1308"/>
                <RegionRefIndexed index="6" regionRef="TextRegion_1621427949771_1307"/>
                <RegionRefIndexed index="7" regionRef="TextRegion_1621427947390_1303"/>
                <RegionRefIndexed index="8" regionRef="TextRegion_1621427893409_1276"/>
            </OrderedGroup>
        </ReadingOrder>
        <TextRegion orientation="0.0" type="page-number" id="TextRegion_1621427924954_1297" custom="readingOrder {index:0;} structure {type:page-number;}">
            <Coords points="60,138 1304,138 1304,208 60,208"/>
            <TextLine id="r1l1" custom="readingOrder {index:0;}">
                <Coords points="627,185 717,185 731,169 743,180 840,175 838,123 729,128 718,117 624,121"/>
                <Baseline points="644,172 669,171 694,170 719,168 744,166 769,165 794,165 820,166"/>
                <TextEquiv>
                    <Unicode>257</Unicode>
                </TextEquiv>
            </TextLine>
            <TextEquiv>
                <Unicode>257</Unicode>
            </TextEquiv>
        </TextRegion>
        <TextRegion orientation="0.0" type="paragraph" id="TextRegion_1621427924954_1296" custom="readingOrder {index:1;} structure {type:paragraph;}">
            <Coords points="60,208 1304,208 1304,586 60,586"/>
            <TextLine id="r1l3" custom="readingOrder {index:0;}">
                <Coords points="49,288 1285,287 1311,212 49,228"/>
                <Baseline points="68,273 129,272 190,272 251,272 313,273 374,273 435,273 497,273 558,273 619,273 681,274 742,274 803,274 864,273 926,273 987,273 1048,272 1110,272 1171,271 1232,270 1294,268"/>
                <TextEquiv>
                    <Unicode>Da drei neben einander liegende kleine Terzen, unter wel¬</Unicode>
                </TextEquiv>
            </TextLine>
            <TextLine id="r1l4" custom="readingOrder {index:1;}">
                <Coords points="49,348 1315,347 1315,283 49,288"/>
                <Baseline points="67,330 128,331 189,331 251,332 312,332 374,333 435,333 496,333 558,333 619,333 681,333 742,333 803,333 865,332 926,332 988,331 1049,331 1110,331 1172,330 1233,330 1295,329"/>
                <TextEquiv>
                    <Unicode>chen eine pythagoräische, in den reinen Geschlechtern nicht</Unicode>
                </TextEquiv>
            </TextLine>
            <TextLine id="r1l5" custom="readingOrder {index:2;}">
                <Coords points="57,408 1315,403 1315,358 1251,347 57,348"/>
                <Baseline points="74,391 135,391 196,391 257,391 318,391 380,392 441,392 502,392 563,392 624,392 686,392 747,392 808,391 869,391 930,391 992,391 1053,391 1114,390 1175,390 1236,390 1298,389"/>
                <TextEquiv>
                    <Unicode>vorkommen, so sind wir an den Inhalt und die Generation</Unicode>
                </TextEquiv>
            </TextLine>
            <TextLine id="r1l6" custom="readingOrder {index:3;}">
                <Coords points="53,464 1311,467 1311,403 53,408"/>
                <Baseline points="70,451 131,450 192,450 253,450 314,450 375,450 436,450 497,450 558,450 619,450 681,451 742,451 803,451 864,451 925,450 986,450 1047,450 1108,449 1169,449 1230,448 1292,447"/>
                <TextEquiv>
                    <Unicode>der gemischten Systeme gewiesen. Diese lehren uns sofort</Unicode>
                </TextEquiv>
            </TextLine>
            <TextLine id="r1l7" custom="readingOrder {index:4;}">
                <Coords points="43,524 1020,537 1305,517 1305,465 42,479"/>
                <Baseline points="62,511 123,511 184,511 245,511 306,511 368,511 429,511 490,511 551,512 612,512 674,512 735,512 796,512 857,511 918,511 980,510 1041,510 1102,509 1163,508 1224,507 1286,506"/>
                <TextEquiv>
                    <Unicode>als Analogon der früher (S. 252) unter 3) gegebenen Auf¬</Unicode>
                </TextEquiv>
            </TextLine>
            <TextLine id="r1l8" custom="readingOrder {index:5;}">
                <Coords points="48,588 1063,581 1063,532 48,524"/>
                <Baseline points="66,569 117,569 169,569 220,570 272,570 323,570 375,570 426,571 478,571 529,571 581,571 632,571 684,571 735,571 787,571 838,570 890,570 941,570 993,569 1045,568"/>
                <TextEquiv>
                    <Unicode>lösungen folgende Klangfolgen nebst Deutungen:</Unicode>
                </TextEquiv>
            </TextLine>
            <TextEquiv>
                <Unicode>Da drei neben einander liegende kleine Terzen, unter wel¬
chen eine pythagoräische, in den reinen Geschlechtern nicht
vorkommen, so sind wir an den Inhalt und die Generation
der gemischten Systeme gewiesen. Diese lehren uns sofort
als Analogon der früher (S. 252) unter 3) gegebenen Auf¬
lösungen folgende Klangfolgen nebst Deutungen:</Unicode>
            </TextEquiv>
        </TextRegion>
        <GraphicRegion id="Graphic_1621427958779_1312" custom="readingOrder {index:2;} structure {type:floating;}">
            <Coords points="60,586 1304,586 1304,754 60,754"/>
        </GraphicRegion>
        <TextRegion orientation="0.0" type="paragraph" id="TextRegion_1621427914381_1288" custom="readingOrder {index:3;} structure {type:paragraph;}">
            <Coords points="60,754 1304,754 1304,866 60,866"/>
            <TextLine id="r1l14" custom="readingOrder {index:0;}">
                <Coords points="150,801 1322,794 1322,741 150,741"/>
                <Baseline points="169,789 225,790 282,790 339,791 395,791 452,792 509,792 565,792 622,792 679,792 736,792 792,792 849,792 906,792 962,792 1019,791 1076,791 1132,791 1189,790 1246,790 1303,789"/>
                <TextEquiv>
                    <Unicode>Unmittelbar aber fordern wir mit demselben Recht und</Unicode>
                </TextEquiv>
            </TextLine>
            <TextLine id="r1l15" custom="readingOrder {index:1;}">
                <Coords points="40,865 609,862 609,817 561,802 231,802 194,817 40,805"/>
                <Baseline points="60,849 86,850 113,850 139,850 166,850 192,850 219,850 245,850 272,851 298,851 325,851 352,851 378,851 405,851 431,851 458,851 484,851 511,850 537,850 564,850 591,850"/>
                <TextEquiv>
                    <Unicode>nicht minder verständlich</Unicode>
                </TextEquiv>
            </TextLine>
            <TextEquiv>
                <Unicode>Unmittelbar aber fordern wir mit demselben Recht und
nicht minder verständlich</Unicode>
            </TextEquiv>
        </TextRegion>
        <GraphicRegion id="Graphic_1621427971170_1325" custom="readingOrder {index:4;} structure {type:floating;}">
            <Coords points="60,866 1304,866 1304,1027 60,1027"/>
        </GraphicRegion>
        <TextRegion orientation="0.0" type="paragraph" id="TextRegion_1621427949771_1308" custom="readingOrder {index:5;}">
            <Coords points="60,1027 1304,1027 1304,1270 60,1270"/>
            <TextLine id="r1l21" custom="readingOrder {index:0;}">
                <Coords points="152,1086 1223,1091 1317,1079 1317,1012 152,1030"/>
                <Baseline points="170,1071 226,1071 282,1071 339,1071 395,1071 452,1072 508,1072 564,1072 621,1072 677,1072 734,1072 790,1072 846,1072 903,1071 959,1071 1016,1071 1072,1070 1128,1070 1185,1069 1241,1068 1298,1067"/>
                <TextEquiv>
                    <Unicode>Die Auflösungen sind alle vier vollkommen befriedigend</Unicode>
                </TextEquiv>
            </TextLine>
            <TextLine id="r1l22" custom="readingOrder {index:1;} textStyle {offset:11; length:39;fontSize:0.0; kerning:0; letterSpaced:true;}">
                <Coords points="53,1142 1311,1153 1311,1082 53,1090"/>
                <Baseline points="70,1130 131,1130 192,1130 253,1130 314,1130 376,1130 437,1131 498,1131 559,1131 620,1131 682,1131 743,1131 804,1131 865,1131 926,1131 988,1131 1049,1130 1110,1130 1171,1129 1232,1129 1294,1128"/>
                <TextEquiv>
                    <Unicode>zu nennen. Es erfolgt in allen Fällen gleichzeitig</Unicode>
                </TextEquiv>
            </TextLine>
            <TextLine id="r1l23" custom="readingOrder {index:2;} textStyle {offset:0; length:46;fontSize:0.0; kerning:0; letterSpaced:true;}">
                <Coords points="58,1210 1302,1189 1302,1147 1257,1144 58,1146"/>
                <Baseline points="78,1190 138,1189 198,1189 258,1189 318,1189 379,1189 439,1189 499,1189 559,1189 619,1189 680,1190 740,1190 800,1190 860,1190 920,1190 981,1189 1041,1189 1101,1188 1161,1187 1221,1186 1282,1184"/>
                <TextEquiv>
                    <Unicode>ein antinomer Wechsel und ein homonomer Quint¬</Unicode>
                </TextEquiv>
            </TextLine>
            <TextLine id="r1l24" custom="readingOrder {index:3;} textStyle {offset:0; length:7;fontSize:0.0; kerning:0; letterSpaced:true;}">
                <Coords points="44,1262 254,1264 254,1204 176,1203 149,1214 123,1199 104,1210 45,1210"/>
                <Baseline points="64,1249 92,1248 121,1248 150,1247 179,1248 208,1249 237,1250"/>
                <TextEquiv>
                    <Unicode>schritt.</Unicode>
                </TextEquiv>
            </TextLine>
            <TextEquiv>
                <Unicode>Die Auflösungen sind alle vier vollkommen befriedigend
zu nennen. Es erfolgt in allen Fällen gleichzeitig
ein antinomer Wechsel und ein homonomer Quint¬
schritt.</Unicode>
            </TextEquiv>
        </TextRegion>
        <TextRegion orientation="0.0" type="paragraph" id="TextRegion_1621427949771_1307" custom="readingOrder {index:6;}">
            <Coords points="60,1270 1304,1270 1304,1516 60,1516"/>
            <TextLine id="r1l25" custom="readingOrder {index:0;}">
                <Coords points="158,1326 1308,1321 1308,1272 158,1270"/>
                <Baseline points="176,1314 231,1314 287,1314 343,1313 398,1314 454,1314 510,1314 565,1315 621,1315 677,1316 733,1316 788,1316 844,1317 900,1317 955,1317 1011,1317 1067,1317 1122,1316 1178,1315 1234,1314 1290,1313"/>
                <TextEquiv>
                    <Unicode>Den Schwingungsverhältnissen nach sind die vorstehen¬</Unicode>
                </TextEquiv>
            </TextLine>
            <TextLine id="line_1621428014806_1370" custom="readingOrder {index:1;}">
                <Coords points="53,1390 1304,1392 1304,1336 1270,1332 53,1330"/>
                <Baseline points="72,1373 97,1373 122,1373 148,1375 169,1374 224,1374 280,1374 336,1374 392,1375 448,1375 504,1375 559,1375 615,1375 671,1375 727,1376 783,1376 839,1376 895,1376 950,1376 1006,1376 1062,1376 1118,1376 1174,1376 1230,1376 1286,1376"/>
                <TextEquiv>
                    <Unicode>den vier Auflösungen wechselseitig, zu je zweien, identisch.</Unicode>
                </TextEquiv>
            </TextLine>
            <TextLine id="r1l28" custom="readingOrder {index:2;}">
                <Coords points="51,1446 1310,1446 1310,1397 1228,1390 52,1390"/>
                <Baseline points="70,1434 131,1434 192,1434 253,1433 314,1433 375,1433 436,1433 497,1434 558,1434 619,1434 681,1435 742,1435 803,1435 864,1436 925,1436 986,1436 1047,1436 1108,1437 1169,1437 1230,1436 1292,1436"/>
                <TextEquiv>
                    <Unicode>Sie mussten wiederholt werden, damit für jeden einzelnen</Unicode>
                </TextEquiv>
            </TextLine>
            <TextLine id="r1l29" custom="readingOrder {index:3;}">
                <Coords points="52,1513 958,1512 958,1452 52,1449"/>
                <Baseline points="72,1491 115,1492 158,1493 202,1493 245,1494 288,1494 332,1494 375,1494 418,1494 462,1494 505,1494 548,1494 592,1494 635,1494 678,1494 722,1494 765,1494 808,1495 852,1495 895,1495 939,1496"/>
                <TextEquiv>
                    <Unicode>seine doppelte Auflösung dargethan werde.</Unicode>
                </TextEquiv>
            </TextLine>
            <TextEquiv>
                <Unicode>Den Schwingungsverhältnissen nach sind die vorstehen¬
den vier Auflösungen wechselseitig, zu je zweien, identisch.
Sie mussten wiederholt werden, damit für jeden einzelnen
seine doppelte Auflösung dargethan werde.</Unicode>
            </TextEquiv>
        </TextRegion>
        <TextRegion orientation="0.0" type="paragraph" id="TextRegion_1621427947390_1303" custom="readingOrder {index:7;}">
            <Coords points="60,1516 1304,1516 1304,2108 60,2108"/>
            <TextLine id="r1l30" custom="readingOrder {index:0;}">
                <Coords points="161,1573 1314,1573 1314,1520 1258,1516 161,1513"/>
                <Baseline points="181,1559 236,1559 292,1560 348,1560 404,1560 459,1560 515,1561 571,1561 627,1561 682,1561 738,1562 794,1562 850,1562 905,1562 961,1562 1017,1562 1073,1562 1128,1562 1184,1562 1240,1562 1296,1561"/>
                <TextEquiv>
                    <Unicode>Eine höchst bemerkenswerthe Eigenschaft besitzt der</Unicode>
                </TextEquiv>
            </TextLine>
            <TextLine id="r1l31" custom="readingOrder {index:1;} textStyle {offset:28; length:26;fontSize:0.0; kerning:0; letterSpaced:true;}">
                <Coords points="58,1637 1313,1622 1313,1577 58,1573"/>
                <Baseline points="76,1618 136,1618 197,1618 258,1618 319,1618 380,1618 441,1619 502,1619 563,1620 624,1620 685,1621 745,1621 806,1621 867,1622 928,1622 989,1622 1050,1622 1111,1621 1172,1621 1233,1620 1294,1620"/>
                <TextEquiv>
                    <Unicode>verminderte Septimenaccord: die reciproken Werthe sei¬</Unicode>
                </TextEquiv>
            </TextLine>
            <TextLine id="r1l32" custom="readingOrder {index:2;} textStyle {offset:0; length:47;fontSize:0.0; kerning:0; letterSpaced:true;}">
                <Coords points="45,1693 1266,1696 1311,1689 1311,1636 45,1640"/>
                <Baseline points="65,1679 126,1679 187,1679 249,1679 310,1679 371,1679 433,1680 494,1680 555,1680 617,1680 678,1680 739,1680 801,1680 862,1680 923,1680 985,1680 1046,1680 1107,1679 1169,1679 1230,1678 1292,1678"/>
                <TextEquiv>
                    <Unicode>ner Schwingungszahlen geben wiederum einen ver¬</Unicode>
                </TextEquiv>
            </TextLine>
            <TextLine id="r1l33" custom="readingOrder {index:3;} textStyle {offset:0; length:24;fontSize:0.0; kerning:0; letterSpaced:true;}">
                <Coords points="49,1753 1311,1752 1311,1700 1199,1693 49,1696"/>
                <Baseline points="69,1737 130,1738 191,1738 252,1738 314,1739 375,1739 436,1739 497,1739 559,1739 620,1739 681,1739 742,1739 804,1739 865,1739 926,1739 987,1738 1049,1738 1110,1738 1171,1738 1232,1738 1294,1738"/>
                <TextEquiv>
                    <Unicode>minderten Septimenaccord, denn die reciproken Werthe</Unicode>
                </TextEquiv>
            </TextLine>
            <TextLine id="line_1621428032756_1402" custom="readingOrder {index:4;}">
                <Coords points="49,1839 393,1882 539,1841 674,1879 760,1838 1056,1881 1097,1840 1314,1837 1315,1792 1094,1791 1049,1749 753,1789 674,1752 596,1785 510,1751 450,1788 408,1754 49,1775"/>
                <Baseline points="69,1824 101,1824 133,1827 166,1831 178,1799 204,1802 179,1843 205,1843 231,1844 257,1845 283,1847 309,1849 335,1850 361,1850 387,1850 413,1848 439,1845 465,1840 492,1834 215,1802 240,1800 265,1799 290,1798 316,1798 341,1798 366,1797 391,1797 417,1797 364,1831 386,1835 442,1823 452,1825 488,1819 515,1820 542,1822 569,1823 596,1825 623,1826 650,1826 677,1826 668,1839 692,1851 689,1816 715,1818 742,1820 768,1820 795,1820 822,1819 848,1818 875,1818 902,1818 691,1841 710,1837 702,1846 728,1848 755,1850 781,1851 808,1852 834,1853 861,1853 887,1853 914,1853 940,1853 967,1853 993,1853 1020,1853 1047,1853 785,1796 811,1798 898,1795 925,1798 952,1795 967,1797 1002,1799 1037,1799 1091,1823 1116,1825 1142,1826 1167,1826 1193,1825 1218,1823 1244,1823 1269,1823 1295,1825"/>
                <TextEquiv>
                    <Unicode>von $$MATH sind $$MATH und jene</Unicode>
                </TextEquiv>
            </TextLine>
            <TextLine id="r1l49" custom="readingOrder {index:5;} textStyle {offset:42; length:1;italic:true; fontSize:0.0; kerning:0;}">
                <Coords points="49,1959 1315,1968 1315,1890 49,1895"/>
                <Baseline points="69,1940 130,1941 191,1941 252,1942 314,1943 375,1943 436,1943 498,1943 559,1943 620,1943 682,1943 743,1943 804,1943 865,1943 927,1943 988,1943 1049,1943 1111,1943 1172,1943 1233,1944 1295,1944"/>
                <TextEquiv>
                    <Unicode>verhalten sich zu diesen, wie $$MATH oder d = 1 gesetzt,</Unicode>
                </TextEquiv>
            </TextLine>
            <TextLine id="r1l50" custom="readingOrder {index:6;} textStyle {offset:4; length:3;italic:true; fontSize:0.0; kerning:0;} textStyle {offset:11; length:1;italic:true; fontSize:0.0; kerning:0;} textStyle {offset:15; length:1;italic:true; fontSize:0.0; kerning:0;} textStyle {offset:19; length:1;italic:true; fontSize:0.0; kerning:0;} textStyle {offset:33; length:3;italic:true; fontSize:0.0; kerning:0;} textStyle {offset:40; length:1;italic:true; fontSize:0.0; kerning:0;} textStyle {offset:44; length:1;italic:true; fontSize:0.0; kerning:0;} textStyle {offset:48; length:2;italic:true; fontSize:0.0; kerning:0;}">
                <Coords points="49,2071 439,2064 517,2098 618,2053 693,2083 1012,2065 1086,2099 1116,2091 1117,2005 49,2004"/>
                <Baseline points="67,2058 118,2058 170,2058 221,2058 273,2058 324,2058 376,2058 427,2058 479,2058 530,2058 582,2058 633,2058 685,2059 736,2059 788,2059 839,2059 891,2059 942,2059 994,2059 1045,2059 1097,2060"/>
                <TextEquiv>
                    <Unicode>ist cis} — e — g — b{ = $$MATH. (fis} — a — c — es{).</Unicode>
                </TextEquiv>
            </TextLine>
            <TextEquiv>
                <Unicode>Eine höchst bemerkenswerthe Eigenschaft besitzt der&#13;
verminderte Septimenaccord: die reciproken Werthe sei¬&#13;
ner Schwingungszahlen geben wiederum einen ver¬&#13;
minderten Septimenaccord, denn die reciproken Werthe&#13;
von $$MATH sind $$MATH und jene&#13;
verhalten sich zu diesen, wie $$MATH oder d = 1 gesetzt,&#13;
ist cis} — e — g — b{ = $$MATH. (fis} — a — c — es{).</Unicode>
            </TextEquiv>
        </TextRegion>
        <TextRegion orientation="0.0" id="TextRegion_1621427893409_1276" custom="readingOrder {index:8;} structure {type:paragraph-continued;}">
            <Coords points="60,2108 1304,2108 1304,2241 60,2241"/>
            <TextLine id="r1l51" custom="readingOrder {index:0;}">
                <Coords points="159,2161 1282,2168 1309,2097 159,2105"/>
                <Baseline points="177,2148 232,2149 288,2149 344,2150 399,2151 455,2151 511,2152 566,2152 622,2152 678,2153 734,2153 789,2153 845,2153 901,2153 956,2153 1012,2153 1068,2152 1123,2152 1179,2152 1235,2152 1291,2151"/>
                <TextEquiv>
                    <Unicode>Wir bemerkten früher in der Festsetzung der Schwin¬</Unicode>
                </TextEquiv>
            </TextLine>
            <TextLine id="r1l52" custom="readingOrder {index:1;} textStyle {offset:21; length:1;italic:true; fontSize:0.0; kerning:0;} textStyle {offset:28; length:1;italic:true; fontSize:0.0; kerning:0;}">
                <Coords points="60,2247 1322,2234 1322,2174 60,2176"/>
                <Baseline points="78,2222 139,2222 200,2222 261,2221 323,2221 384,2221 445,2221 507,2221 568,2221 629,2221 691,2221 752,2221 813,2221 874,2221 936,2221 997,2221 1058,2221 1120,2220 1181,2220 1242,2219 1304,2218"/>
                <TextEquiv>
                    <Unicode>gungszahlen der Töne d oder d} eine Schwierigkeit, insofern</Unicode>
                </TextEquiv>
            </TextLine>
            <TextEquiv>
                <Unicode>Wir bemerkten früher in der Festsetzung der Schwin¬&#13;
gungszahlen der Töne d oder d} eine Schwierigkeit, insofern</Unicode>
            </TextEquiv>
        </TextRegion>
    </Page>
</PcGts>
