1502 2450
636 115 813 167 235
65 219 1307 267 Frage einige Bemerkungen erlauben, die zum Verständniss
74 275 881 340 des Folgenden nicht unwesentlich sind.
168 346 1306 402 Die reine Stimmung, entsprechend der wahren Bedeutung
74 402 1303 452 eines Accordes wird von grösstem Nutzen sein, so wie in
69 459 1297 523 der menschlichen Sprache die präcise Diktion einer solchen,
65 523 1300 571 in der die Worte nur spärlich dem Sinne entsprechen, vor¬
74 579 1312 628 zuziehen ist. Es kann aber ein Satz immer noch, selbst
78 642 1317 693 wenn ganze Worte verstümmmelt oder wenn sie unrichtig
63 704 1308 763 gebraucht sind, verständlich bleiben, und zwar dadurch, dass
65 755 1307 808 der Hörer den Zusammenhang erkennt, und den Inhalt der
77 819 1305 867 Worte erfasst, das fehlende am Satzbau aber übersieht oder
65 875 1314 929 ergänzt. Gerade so sind wir im Stande, einen unreinen
65 940 1303 988 Accord richtig aufzufassen. So wie dort, kann auch hier
71 994 1305 1043 der Sinn des ganzen leiden, dann nämlich, wenn der Zu¬
69 1058 1313 1108 sammenhang wirklich fehlt. Wird in der gewöhnlichen
74 1130 1309 1180 normal-tonischen Cadenz das e} im Schlussaccord c — e} — g
75 1180 1300 1242 unrein gegriffen, so werden wir trotzdem das Ganze richtig
70 1258 1307 1315 erfassen, zumal da, nach Helmholtz, die dem reinen e}
73 1306 1315 1364 entsprechenden Fasern in unserem Gehörorgan mit afficirt
74 1378 1309 1421 werden, wenn auch nicht so stark, als dann, wenn der Ton
73 1430 1307 1476 selbst rein angegeben würde. Findet das letztere aber nicht
72 1492 1306 1556 statt, erklingt ein zwischen es{ und e} liegender Ton, so wird
74 1562 1295 1612 der Sinn des Ganzen um so stärker getrübt, je gleichmäs¬
75 1619 1307 1675 siger der Abstand von den beiden möglichen Tönen ist, das
70 1683 1307 1732 Urtheil wird unsicher. — Beim unreinen es{ wird schon der
73 1754 1304 1811 phon. g-Klang c — es{ — g maassgebend, und diesen Eindruck
71 1818 1295 1866 werden wir am lebhaftesten bei ganz reiner Intonation em¬
75 1881 1310 1939 pfangen. Die ergänzende Fähigkeit des Gehörs geht aber
69 1946 1304 1996 noch weiter. Wenn weder e} noch es{ angegeben wird, so
69 2011 1309 2062 werden wir doch aus dem Zusammenhange schliessen, ob
74 2075 1300 2124 das zweideutige Intervall c — g tonische oder phonische Be¬
69 2132 1304 2188 deutung hat, wir empfinden nur ein Unbehagen, als wenn
