<?xml version="1.0" encoding="UTF-8" standalone="yes"?>
<PcGts xmlns="http://schema.primaresearch.org/PAGE/gts/pagecontent/2013-07-15" xmlns:xsi="http://www.w3.org/2001/XMLSchema-instance" xsi:schemaLocation="http://schema.primaresearch.org/PAGE/gts/pagecontent/2013-07-15 http://schema.primaresearch.org/PAGE/gts/pagecontent/2013-07-15/pagecontent.xsd">
    <Metadata>
        <Creator>prov=University of Rostock/Institute of Mathematics/CITlab|PLANET AI GmbH/Gundram Leifert/gundram.leifert@planet-ai.de:name=ONB_Newseye_GT_M1+(htr_id=10810)::::v=2.6.7
prov=University of Rostock/Institute of Mathematics/CITlab|PLANET AI GmbH/Tobias Gruening/tobias.gruening@planet-ai.de:name=de.uros.citlab.module.baseline2polygon.B2PSeamMultiOriented:v=2.6.7
prov=University of Rostock/Institute of Mathematics/CITlab|PLANET AI GmbH/Tobias Gruening/tobias.gruening@planet-ai.de:name=/net_tf/LA73_249_0mod360.pb:de.uros.citlab.segmentation.CITlab_LA_ML:v=2.6.7
Transkribus</Creator>
        <Created>2021-03-18T14:22:08.718+01:00</Created>
        <LastChange>2021-05-22T11:36:20.050+02:00</LastChange>
        <TranskribusMetadata docId="634080" pageId="24814334" pageNr="72" tsid="58219578" status="DONE" userId="74363" imgUrl="https://files.transkribus.eu/Get?id=CZFEIPNVLJYPUERMMJWOVEVZ&amp;fileType=view" xmlUrl="https://files.transkribus.eu/Get?id=UYOKDRTHXORMQYUSYLRPYGIR" imageId="19135737"/>
    </Metadata>
    <Page imageFilename="Oettingen_Harmoniesystem_in_dualer_Entwickelung-0081.jpg" imageWidth="1502" imageHeight="2450" type="content">
        <ReadingOrder>
            <OrderedGroup id="ro_1624195867327" caption="Regions reading order">
                <RegionRefIndexed index="0" regionRef="TextRegion_1620849923802_1337"/>
                <RegionRefIndexed index="1" regionRef="TextRegion_1620849923802_1336"/>
                <RegionRefIndexed index="2" regionRef="TextRegion_1620849919899_1332"/>
                <RegionRefIndexed index="3" regionRef="TextRegion_1620849915942_1328"/>
            </OrderedGroup>
        </ReadingOrder>
        <TextRegion orientation="0.0" type="page-number" id="TextRegion_1620849923802_1337" custom="readingOrder {index:0;} structure {type:page-number;}">
            <Coords points="202,102 1445,102 1445,178 202,178"/>
            <TextLine id="r1l1" custom="readingOrder {index:0;}">
                <Coords points="776,146 968,139 980,134 980,112 856,114 840,99 791,98 775,106"/>
                <Baseline points="784,135 810,135 837,134 864,134 891,133 918,132 945,133 972,134"/>
                <TextEquiv>
                    <Unicode>64</Unicode>
                </TextEquiv>
            </TextLine>
            <TextEquiv>
                <Unicode>64</Unicode>
            </TextEquiv>
        </TextRegion>
        <TextRegion orientation="0.0" type="paragraph" id="TextRegion_1620849923802_1336" custom="readingOrder {index:1;} structure {type:paragraph;}">
            <Coords points="202,178 1445,178 1445,1884 202,1884"/>
            <TextLine id="r1l2" custom="readingOrder {index:0;} textStyle {offset:29; length:1;italic:true; fontSize:0.0; kerning:0;} textStyle {offset:32; length:1;italic:true; fontSize:0.0; kerning:0;} textStyle {offset:35; length:1;italic:true; fontSize:0.0; kerning:0;} textStyle {offset:45; length:6;fontSize:0.0; kerning:0; letterSpaced:true;}">
                <Coords points="302,244 1442,250 1442,212 1338,194 302,202"/>
                <Baseline points="310,239 366,238 422,238 478,238 534,238 591,238 647,238 703,238 759,239 815,240 872,240 928,241 984,241 1040,242 1096,242 1153,243 1209,243 1265,243 1321,242 1377,242 1434,241"/>
                <TextEquiv>
                    <Unicode>Versuchen wir statt der Töne f, c, g — deren Klänge</Unicode>
                </TextEquiv>
            </TextLine>
            <TextLine id="r1l3" custom="readingOrder {index:1;}">
                <Coords points="202,316 1408,316 1430,273 202,274"/>
                <Baseline points="209,301 269,300 330,299 390,298 451,298 512,297 572,297 633,297 694,297 754,298 815,298 876,299 936,299 997,300 1058,300 1118,301 1179,301 1240,301 1300,301 1361,301 1422,301"/>
                <TextEquiv>
                    <Unicode>zu einem System aufzubauen, so können wir zwei verschie¬</Unicode>
                </TextEquiv>
            </TextLine>
            <TextLine id="r1l4" custom="readingOrder {index:2;} textStyle {offset:49; length:3;fontSize:0.0; kerning:0; letterSpaced:true;}">
                <Coords points="201,371 1408,370 1434,328 201,330"/>
                <Baseline points="209,358 269,357 330,356 391,356 452,356 513,356 574,356 635,356 696,357 757,357 818,358 878,358 939,358 1000,359 1061,359 1122,359 1183,359 1244,359 1305,359 1366,358 1427,358"/>
                <TextEquiv>
                    <Unicode>dene Wege einschlagen. Man verstand bisher unter To¬</Unicode>
                </TextEquiv>
            </TextLine>
            <TextLine id="r1l5" custom="readingOrder {index:3;} textStyle {offset:0; length:7;fontSize:0.0; kerning:0; letterSpaced:true;}">
                <Coords points="203,428 1433,426 1390,378 203,388"/>
                <Baseline points="211,419 271,418 332,417 393,416 453,416 514,416 575,416 635,416 696,416 757,416 818,417 878,417 939,418 1000,418 1060,418 1121,419 1182,419 1242,419 1303,419 1364,418 1425,417"/>
                <TextEquiv>
                    <Unicode>nalität den Grundsatz, demgemäss „die ganze Masse der</Unicode>
                </TextEquiv>
            </TextLine>
            <TextLine id="r1l6" custom="readingOrder {index:4;}">
                <Coords points="197,492 1428,488 1428,446 1359,435 197,444"/>
                <Baseline points="205,478 265,476 326,476 387,475 448,474 509,474 569,474 630,474 691,474 752,475 813,475 873,476 934,476 995,477 1056,477 1117,477 1177,477 1238,477 1299,477 1360,476 1421,476"/>
                <TextEquiv>
                    <Unicode>Töne und Harmonieverbindungen in enge und stets deut¬</Unicode>
                </TextEquiv>
            </TextLine>
            <TextLine id="r1l7" custom="readingOrder {index:5;}">
                <Coords points="202,544 1445,547 1446,510 202,499"/>
                <Baseline points="209,535 270,535 331,535 393,535 454,535 516,535 577,535 639,535 700,535 762,535 823,535 884,535 946,536 1007,536 1069,536 1130,536 1192,536 1253,536 1315,536 1376,536 1438,536"/>
                <TextEquiv>
                    <Unicode>liche Verwandtschaft zu einem frei gewählten Tone zu</Unicode>
                </TextEquiv>
            </TextLine>
            <TextLine id="r1l8" custom="readingOrder {index:6;}">
                <Coords points="205,609 1324,620 1441,602 1441,565 205,570"/>
                <Baseline points="213,594 274,594 335,593 396,593 457,593 518,593 579,593 640,594 701,594 762,594 823,594 884,594 945,594 1006,594 1067,594 1128,594 1189,594 1250,594 1311,594 1372,594 1434,593"/>
                <TextEquiv>
                    <Unicode>setzen sei, dass aus diesem sich die Tonmasse des ganzen</Unicode>
                </TextEquiv>
            </TextLine>
            <TextLine id="r1l9" custom="readingOrder {index:7;} textStyle {offset:48; length:1;fontSize:0.0; kerning:0; superscript:true;}">
                <Coords points="198,665 1434,659 1434,623 1375,611 198,621"/>
                <Baseline points="205,655 266,654 327,654 388,654 449,653 510,653 571,653 632,654 693,654 754,654 816,654 877,654 938,654 999,654 1060,654 1121,653 1182,653 1243,652 1304,651 1365,649 1427,648"/>
                <TextEquiv>
                    <Unicode>Satzes entwickele und in ihn wieder zurücklaufe 1).” Die¬</Unicode>
                </TextEquiv>
            </TextLine>
            <TextLine id="r1l10" custom="readingOrder {index:8;} textStyle {offset:23; length:6;fontSize:0.0; kerning:0; letterSpaced:true;}">
                <Coords points="199,723 1427,724 1436,682 199,686"/>
                <Baseline points="207,714 268,714 329,713 390,713 451,713 512,713 573,713 634,713 695,713 756,713 817,713 878,713 939,713 1000,713 1061,714 1122,714 1183,714 1244,714 1305,714 1366,714 1428,713"/>
                <TextEquiv>
                    <Unicode>sen Ton nannte man die Tonica des Systems. Ich möchte</Unicode>
                </TextEquiv>
            </TextLine>
            <TextLine id="r1l11" custom="readingOrder {index:9;}">
                <Coords points="207,787 1438,796 1413,731 207,747"/>
                <Baseline points="214,774 274,772 335,771 396,770 457,770 518,769 578,769 639,769 700,770 761,770 822,771 882,771 943,772 1004,772 1065,773 1126,773 1186,773 1247,773 1308,773 1369,773 1430,772"/>
                <TextEquiv>
                    <Unicode>nun die vorstehende Definition für das allgemeine Prinzip</Unicode>
                </TextEquiv>
            </TextLine>
            <TextLine id="r1l12" custom="readingOrder {index:10;}">
                <Coords points="198,844 1443,844 1443,797 198,802"/>
                <Baseline points="205,832 266,832 328,831 389,831 451,831 512,830 574,830 635,830 697,830 758,831 820,831 882,831 943,831 1005,831 1066,831 1128,831 1189,831 1251,831 1312,831 1374,831 1436,831"/>
                <TextEquiv>
                    <Unicode>eines Tonsystemes gelten lassen, und das Wort Tonalität</Unicode>
                </TextEquiv>
            </TextLine>
            <TextLine id="r1l13" custom="readingOrder {index:11;}">
                <Coords points="197,905 1439,900 1410,851 197,851"/>
                <Baseline points="205,891 266,891 327,891 389,890 450,890 511,890 573,890 634,890 695,890 757,890 818,890 879,890 941,891 1002,891 1063,891 1125,891 1186,891 1247,891 1309,891 1370,891 1432,890"/>
                <TextEquiv>
                    <Unicode>blos auf den einen Fall beschränken, wo die gesammte</Unicode>
                </TextEquiv>
            </TextLine>
            <TextLine id="r1l14" custom="readingOrder {index:12;} textStyle {offset:15; length:24;fontSize:0.0; kerning:0; letterSpaced:true;}">
                <Coords points="207,963 1431,962 1383,906 1204,937 207,914"/>
                <Baseline points="215,950 275,949 335,949 396,948 456,948 517,948 577,948 637,948 698,948 758,949 819,949 879,950 939,950 1000,950 1060,951 1121,951 1181,951 1241,951 1302,951 1362,951 1423,951"/>
                <TextEquiv>
                    <Unicode>Tonmasse durch tonische Klangvertretung entstanden.</Unicode>
                </TextEquiv>
            </TextLine>
            <TextLine id="r1l15" custom="readingOrder {index:13;} textStyle {offset:48; length:6;fontSize:0.0; kerning:0; letterSpaced:true;}">
                <Coords points="198,1019 1438,1018 1438,984 1375,971 198,972"/>
                <Baseline points="205,1009 266,1008 327,1007 388,1007 450,1007 511,1006 572,1006 633,1007 695,1007 756,1007 817,1008 878,1008 940,1008 1001,1009 1062,1009 1123,1010 1185,1010 1246,1010 1307,1010 1368,1010 1430,1010"/>
                <TextEquiv>
                    <Unicode>Den Schwerpunkt des tonischen Systems nenne ich Tonica.</Unicode>
                </TextEquiv>
            </TextLine>
            <TextLine id="r1l16" custom="readingOrder {index:14;} textStyle {offset:43; length:9;fontSize:0.0; kerning:0; letterSpaced:true;}">
                <Coords points="206,1083 1448,1075 1448,1035 1383,1027 206,1035"/>
                <Baseline points="214,1070 275,1068 336,1067 397,1067 459,1067 520,1066 581,1066 643,1067 704,1067 765,1067 827,1068 888,1068 949,1069 1010,1069 1072,1069 1133,1069 1194,1069 1256,1069 1317,1068 1378,1067 1440,1066"/>
                <TextEquiv>
                    <Unicode>Als dualen Gegensatz gegen das Prinzip der Tonalität</Unicode>
                </TextEquiv>
            </TextLine>
            <TextLine id="r1l17" custom="readingOrder {index:15;} textStyle {offset:19; length:10;fontSize:0.0; kerning:0; letterSpaced:true;} textStyle {offset:43; length:10;fontSize:0.0; kerning:0; letterSpaced:true;}">
                <Coords points="202,1139 1415,1140 1437,1090 202,1100"/>
                <Baseline points="210,1128 274,1128 338,1128 402,1127 466,1127 530,1127 594,1127 659,1127 723,1127 787,1127 851,1127 915,1127 979,1128 1044,1128 1108,1128 1172,1128 1236,1129 1300,1129 1364,1130 1429,1130"/>
                <TextEquiv>
                    <Unicode>stelle ich das der Phonalität auf. — Unter Phonalität</Unicode>
                </TextEquiv>
            </TextLine>
            <TextLine id="r1l18" custom="readingOrder {index:16;}">
                <Coords points="201,1203 1441,1209 1397,1146 201,1160"/>
                <Baseline points="208,1186 269,1185 330,1185 391,1185 453,1185 514,1185 575,1186 637,1186 698,1186 759,1186 821,1186 882,1187 943,1187 1004,1187 1066,1188 1127,1188 1188,1188 1250,1189 1311,1189 1372,1189 1434,1190"/>
                <TextEquiv>
                    <Unicode>aber verstehe ich dasselbe oben ausgesprochene Prinzip,</Unicode>
                </TextEquiv>
            </TextLine>
            <TextLine id="r1l19" custom="readingOrder {index:17;} textStyle {offset:12; length:35;fontSize:0.0; kerning:0; letterSpaced:true;}">
                <Coords points="202,1259 1433,1251 1413,1210 202,1218"/>
                <Baseline points="209,1248 269,1247 330,1247 391,1246 452,1246 513,1246 573,1246 634,1246 695,1247 756,1247 817,1247 877,1247 938,1248 999,1248 1060,1248 1121,1248 1181,1248 1242,1247 1303,1247 1364,1246 1425,1245"/>
                <TextEquiv>
                    <Unicode>dem zufolge die gesammte Masse der Töne aus ei¬</Unicode>
                </TextEquiv>
            </TextLine>
            <TextLine id="r1l20" custom="readingOrder {index:18;} textStyle {offset:0; length:42;fontSize:0.0; kerning:0; letterSpaced:true;}">
                <Coords points="198,1315 1446,1315 1391,1267 198,1276"/>
                <Baseline points="206,1306 267,1306 329,1305 390,1305 452,1305 514,1306 575,1306 637,1306 698,1306 760,1306 822,1306 883,1307 945,1307 1006,1307 1068,1307 1130,1307 1191,1307 1253,1307 1314,1306 1376,1306 1438,1306"/>
                <TextEquiv>
                    <Unicode>ner phonischen Klangvertretung entsprungen. Den</Unicode>
                </TextEquiv>
            </TextLine>
            <TextLine id="r1l21" custom="readingOrder {index:19;} textStyle {offset:38; length:7;fontSize:0.0; kerning:0; letterSpaced:true;}">
                <Coords points="201,1378 1440,1380 1440,1338 1350,1322 1180,1353 201,1329"/>
                <Baseline points="209,1367 270,1366 331,1366 392,1365 453,1365 515,1365 576,1365 637,1365 698,1365 759,1366 821,1366 882,1366 943,1367 1004,1367 1065,1367 1127,1367 1188,1367 1249,1367 1310,1366 1371,1366 1433,1365"/>
                <TextEquiv>
                    <Unicode>Schwerpunkt des Systems nenne ich die Phonica. Beide Arten</Unicode>
                </TextEquiv>
            </TextLine>
            <TextLine id="r1l22" custom="readingOrder {index:20;}">
                <Coords points="201,1435 1443,1432 1423,1387 201,1390"/>
                <Baseline points="208,1426 269,1426 330,1425 392,1425 453,1424 515,1424 576,1425 637,1425 699,1425 760,1425 822,1426 883,1426 944,1426 1006,1426 1067,1426 1129,1426 1190,1426 1251,1425 1313,1425 1374,1424 1436,1423"/>
                <TextEquiv>
                    <Unicode>der Klangvertretung können gleichzeitig angewandt werden. Wir</Unicode>
                </TextEquiv>
            </TextLine>
            <TextLine id="r1l23" custom="readingOrder {index:21;}">
                <Coords points="202,1494 1453,1486 1428,1442 1062,1442 997,1477 782,1443 202,1458"/>
                <Baseline points="210,1488 271,1487 333,1486 395,1485 457,1485 518,1485 580,1485 642,1485 704,1485 765,1486 827,1486 889,1486 951,1486 1012,1487 1074,1487 1136,1487 1198,1486 1259,1486 1321,1485 1383,1484 1445,1483"/>
                <TextEquiv>
                    <Unicode>erhalten alsdann gemischte Tonsysteme. Bleiben wir zunächst</Unicode>
                </TextEquiv>
            </TextLine>
            <TextLine id="r1l24" custom="readingOrder {index:22;}">
                <Coords points="205,1556 1446,1556 1446,1513 1372,1506 205,1507"/>
                <Baseline points="213,1545 274,1544 335,1544 396,1544 458,1544 519,1544 580,1544 642,1545 703,1545 764,1545 826,1545 887,1545 948,1546 1009,1546 1071,1546 1132,1546 1193,1546 1255,1545 1316,1545 1377,1544 1439,1544"/>
                <TextEquiv>
                    <Unicode>bei den reinen stehen. Nach dem Prinzip der Tonalität bilden</Unicode>
                </TextEquiv>
            </TextLine>
            <TextLine id="r1l25" custom="readingOrder {index:23;} textStyle {offset:16; length:1;italic:true; fontSize:0.0; kerning:0;} textStyle {offset:17; length:1;fontSize:0.0; kerning:0; superscript:true;} textStyle {offset:20; length:1;italic:true; fontSize:0.0; kerning:0;} textStyle {offset:21; length:1;fontSize:0.0; kerning:0; superscript:true;} textStyle {offset:24; length:1;italic:true; fontSize:0.0; kerning:0;} textStyle {offset:25; length:1;fontSize:0.0; kerning:0; superscript:true;}">
                <Coords points="206,1620 561,1627 606,1588 671,1627 770,1593 1293,1620 1448,1611 1448,1571 206,1578"/>
                <Baseline points="214,1603 275,1603 336,1603 397,1603 459,1603 520,1603 581,1604 643,1604 704,1604 765,1605 827,1605 888,1605 949,1606 1010,1606 1072,1606 1133,1606 1194,1606 1256,1606 1317,1605 1378,1605 1440,1604"/>
                <TextEquiv>
                    <Unicode>wir die Klänge: f+, c+, g+ und nach dem der Phonalität:</Unicode>
                </TextEquiv>
            </TextLine>
            <TextLine id="r1l26" custom="readingOrder {index:24;} textStyle {offset:0; length:1;italic:true; fontSize:0.0; kerning:0;} textStyle {offset:1; length:1;fontSize:0.0; kerning:0; superscript:true;} textStyle {offset:4; length:1;italic:true; fontSize:0.0; kerning:0;} textStyle {offset:5; length:1;fontSize:0.0; kerning:0; superscript:true;} textStyle {offset:8; length:1;italic:true; fontSize:0.0; kerning:0;} textStyle {offset:9; length:1;fontSize:0.0; kerning:0; superscript:true;} textStyle {offset:17; length:1;italic:true; fontSize:0.0; kerning:0;}">
                <Coords points="195,1682 1435,1664 1341,1627 195,1639"/>
                <Baseline points="202,1666 263,1665 324,1665 385,1665 447,1665 508,1665 569,1665 630,1665 692,1665 753,1665 814,1666 875,1666 937,1666 998,1666 1059,1666 1120,1666 1182,1666 1243,1665 1304,1665 1365,1664 1427,1663"/>
                <TextEquiv>
                    <Unicode>f0, c0, g0. Wenn c Tonica, so haben wir die Dreiklänge</Unicode>
                </TextEquiv>
            </TextLine>
            <TextLine id="r1l27" custom="readingOrder {index:25;} textStyle {offset:0; length:1;italic:true; fontSize:0.0; kerning:0;} textStyle {offset:4; length:1;italic:true; fontSize:0.0; kerning:0;} textStyle {offset:9; length:1;italic:true; fontSize:0.0; kerning:0;} textStyle {offset:13; length:1;italic:true; fontSize:0.0; kerning:0;} textStyle {offset:14; length:1;fontSize:0.0; kerning:0; superscript:true;} textStyle {offset:17; length:1;italic:true; fontSize:0.0; kerning:0;} textStyle {offset:21; length:1;italic:true; fontSize:0.0; kerning:0;} textStyle {offset:26; length:1;italic:true; fontSize:0.0; kerning:0;} textStyle {offset:30; length:1;italic:true; fontSize:0.0; kerning:0;} textStyle {offset:31; length:1;fontSize:0.0; kerning:0; superscript:true;} textStyle {offset:34; length:1;italic:true; fontSize:0.0; kerning:0;} textStyle {offset:38; length:1;italic:true; fontSize:0.0; kerning:0;} textStyle {offset:43; length:1;italic:true; fontSize:0.0; kerning:0;} textStyle {offset:47; length:1;italic:true; fontSize:0.0; kerning:0;} textStyle {offset:48; length:1;fontSize:0.0; kerning:0; superscript:true;}">
                <Coords points="203,1755 531,1756 568,1722 1410,1755 1434,1681 1259,1711 1177,1682 871,1714 204,1692"/>
                <Baseline points="211,1730 271,1729 332,1728 393,1728 454,1728 514,1729 575,1729 636,1730 697,1731 757,1732 818,1733 879,1734 940,1735 1000,1736 1061,1736 1122,1736 1183,1736 1243,1736 1304,1735 1365,1734 1426,1732"/>
                <TextEquiv>
                    <Unicode>f — a} — c = f+, c — e} — g = c+, g — h} — d = g+</Unicode>
                </TextEquiv>
            </TextLine>
            <TextLine id="r1l28" custom="readingOrder {index:26;} textStyle {offset:9; length:1;italic:true; fontSize:0.0; kerning:0;}">
                <Coords points="200,1803 298,1792 311,1803 669,1800 669,1768 600,1754 577,1765 479,1748 424,1769 200,1761"/>
                <Baseline points="207,1792 232,1792 257,1792 282,1792 307,1792 333,1792 358,1791 383,1791 408,1791 434,1791 459,1791 484,1791 509,1791 534,1791 560,1792 585,1792 610,1792 635,1793 661,1793"/>
                <TextEquiv>
                    <Unicode>und wenn c Phonica</Unicode>
                </TextEquiv>
            </TextLine>
            <TextLine id="r1l29" custom="readingOrder {index:27;} textStyle {offset:0; length:1;italic:true; fontSize:0.0; kerning:0;} textStyle {offset:4; length:3;italic:true; fontSize:0.0; kerning:0;} textStyle {offset:11; length:1;italic:true; fontSize:0.0; kerning:0;} textStyle {offset:15; length:1;italic:true; fontSize:0.0; kerning:0;} textStyle {offset:16; length:1;fontSize:0.0; kerning:0; superscript:true;} textStyle {offset:19; length:1;italic:true; fontSize:0.0; kerning:0;} textStyle {offset:23; length:2;italic:true; fontSize:0.0; kerning:0;} textStyle {offset:29; length:1;italic:true; fontSize:0.0; kerning:0;} textStyle {offset:33; length:1;italic:true; fontSize:0.0; kerning:0;} textStyle {offset:34; length:1;fontSize:0.0; kerning:0; superscript:true;} textStyle {offset:37; length:1;italic:true; fontSize:0.0; kerning:0;} textStyle {offset:41; length:2;italic:true; fontSize:0.0; kerning:0;} textStyle {offset:47; length:1;italic:true; fontSize:0.0; kerning:0;} textStyle {offset:51; length:1;italic:true; fontSize:0.0; kerning:0;} textStyle {offset:52; length:1;fontSize:0.0; kerning:0; superscript:true;}">
                <Coords points="202,1859 1434,1857 1434,1808 203,1816"/>
                <Baseline points="210,1850 270,1849 331,1848 392,1848 453,1847 514,1847 574,1847 635,1848 696,1848 757,1848 818,1849 878,1849 939,1850 1000,1850 1061,1851 1122,1851 1182,1851 1243,1851 1304,1851 1365,1851 1426,1850"/>
                <TextEquiv>
                    <Unicode>b — des{ — f = f0, f — as{ — c = c0, c — es{ — g = g0.</Unicode>
                </TextEquiv>
            </TextLine>
            <TextEquiv>
                <Unicode>Versuchen wir statt der Töne f, c, g — deren Klänge&#13;
zu einem System aufzubauen, so können wir zwei verschie¬&#13;
dene Wege einschlagen. Man verstand bisher unter To¬&#13;
nalität den Grundsatz, demgemäss „die ganze Masse der&#13;
Töne und Harmonieverbindungen in enge und stets deut¬&#13;
liche Verwandtschaft zu einem frei gewählten Tone zu&#13;
setzen sei, dass aus diesem sich die Tonmasse des ganzen&#13;
Satzes entwickele und in ihn wieder zurücklaufe 1).” Die¬&#13;
sen Ton nannte man die Tonica des Systems. Ich möchte&#13;
nun die vorstehende Definition für das allgemeine Prinzip&#13;
eines Tonsystemes gelten lassen, und das Wort Tonalität&#13;
blos auf den einen Fall beschränken, wo die gesammte&#13;
Tonmasse durch tonische Klangvertretung entstanden.&#13;
Den Schwerpunkt des tonischen Systems nenne ich Tonica.&#13;
Als dualen Gegensatz gegen das Prinzip der Tonalität&#13;
stelle ich das der Phonalität auf. — Unter Phonalität&#13;
aber verstehe ich dasselbe oben ausgesprochene Prinzip,&#13;
dem zufolge die gesammte Masse der Töne aus ei¬&#13;
ner phonischen Klangvertretung entsprungen. Den&#13;
Schwerpunkt des Systems nenne ich die Phonica. Beide Arten&#13;
der Klangvertretung können gleichzeitig angewandt werden. Wir&#13;
erhalten alsdann gemischte Tonsysteme. Bleiben wir zunächst&#13;
bei den reinen stehen. Nach dem Prinzip der Tonalität bilden&#13;
wir die Klänge: f+, c+, g+ und nach dem der Phonalität:&#13;
f0, c0, g0. Wenn c Tonica, so haben wir die Dreiklänge&#13;
f — a} — c = f+, c — e} — g = c+, g — h} — d = g+&#13;
und wenn c Phonica&#13;
b — des{ — f = f0, f — as{ — c = c0, c — es{ — g = g0.</Unicode>
            </TextEquiv>
        </TextRegion>
        <TextRegion orientation="0.0" type="paragraph" id="TextRegion_1620849919899_1332" custom="readingOrder {index:2;} structure {type:paragraph;}">
            <Coords points="202,1884 1445,1884 1445,2132 202,2132"/>
            <TextLine id="r1l30" custom="readingOrder {index:0;} textStyle {offset:32; length:11;fontSize:0.0; kerning:0; letterSpaced:true;}">
                <Coords points="305,1932 1437,1925 1399,1883 305,1882"/>
                <Baseline points="313,1918 368,1918 424,1918 480,1918 536,1919 592,1919 647,1919 703,1920 759,1920 815,1920 871,1921 926,1921 982,1921 1038,1921 1094,1921 1150,1921 1205,1921 1261,1921 1317,1920 1373,1919 1429,1918"/>
                <TextEquiv>
                    <Unicode>Die ersten drei Dreiklänge sind aufsteigend, die letzte¬</Unicode>
                </TextEquiv>
            </TextLine>
            <TextLine id="r1l31" custom="readingOrder {index:1;} textStyle {offset:4; length:10;fontSize:0.0; kerning:0; letterSpaced:true;}">
                <Coords points="207,1987 1409,2002 1443,1945 207,1947"/>
                <Baseline points="214,1978 275,1979 336,1979 397,1979 458,1979 519,1980 580,1980 641,1980 702,1980 763,1981 824,1981 885,1981 946,1981 1007,1981 1068,1981 1129,1980 1190,1980 1251,1979 1312,1979 1373,1978 1435,1977"/>
                <TextEquiv>
                    <Unicode>ren absteigend gebildet. Stellen wir die Bestandtheile je</Unicode>
                </TextEquiv>
            </TextLine>
            <TextLine id="r1l32" custom="readingOrder {index:2;}">
                <Coords points="206,2052 1440,2043 1440,2005 1376,1995 1199,2028 206,2002"/>
                <Baseline points="213,2039 274,2039 335,2039 396,2039 457,2039 518,2039 579,2039 640,2039 701,2039 762,2040 823,2040 884,2040 945,2040 1006,2040 1067,2040 1128,2040 1189,2040 1250,2040 1311,2039 1372,2039 1433,2038"/>
                <TextEquiv>
                    <Unicode>dreier Dreiklänge nach der Tonhöhe zusammen, so erhalten</Unicode>
                </TextEquiv>
            </TextLine>
            <TextLine id="r1l33" custom="readingOrder {index:3;}">
                <Coords points="212,2107 1063,2107 1063,2071 963,2059 212,2065"/>
                <Baseline points="220,2098 261,2099 303,2099 345,2100 387,2100 428,2100 470,2100 512,2100 554,2100 595,2100 637,2100 679,2100 721,2099 762,2099 804,2099 846,2099 888,2099 929,2099 971,2099 1013,2099 1055,2099"/>
                <TextEquiv>
                    <Unicode>wir folgende zwei diatonische Tonleitern:</Unicode>
                </TextEquiv>
            </TextLine>
            <TextEquiv>
                <Unicode>Die ersten drei Dreiklänge sind aufsteigend, die letzte¬
ren absteigend gebildet. Stellen wir die Bestandtheile je
dreier Dreiklänge nach der Tonhöhe zusammen, so erhalten
wir folgende zwei diatonische Tonleitern:</Unicode>
            </TextEquiv>
        </TextRegion>
        <TextRegion orientation="0.0" type="footnote" id="TextRegion_1620849915942_1328" custom="readingOrder {index:3;} structure {type:footnote;}">
            <Coords points="202,2132 1445,2132 1445,2279 202,2279"/>
            <TextLine id="r1l34" custom="readingOrder {index:0;} textStyle {offset:3; length:9;fontSize:0.0; kerning:0; letterSpaced:true;}">
                <Coords points="303,2220 340,2227 363,2206 377,2220 788,2219 788,2183 773,2179 709,2193 303,2178"/>
                <Baseline points="310,2212 336,2211 362,2210 388,2209 414,2209 440,2208 467,2208 493,2209 519,2209 545,2209 571,2209 597,2210 624,2210 650,2210 676,2210 702,2210 728,2209 754,2209 781,2207"/>
                <TextEquiv>
                    <Unicode>1) Helmholtz l. c. pag. 383.</Unicode>
                </TextEquiv>
            </TextLine>
            <TextEquiv>
                <Unicode>1) Helmholtz l. c. pag. 383.</Unicode>
            </TextEquiv>
        </TextRegion>
    </Page>
</PcGts>
