1502 2450
526 130 783 187 201
141 234 1285 287 Wir wollen alle diese Geschlechter zunächst in Bezug
42 298 1280 345 auf ihre consonanten Bestandtheile und die Cadenzen, die
47 355 588 419 sie gestatten, untersuchen.
138 426 1278 475 In jeder Beziehung zeichnen sich die uns schon bekann¬
51 483 1274 532 ten Systeme I und V vor allen übrigen aus. Der Schwer¬
55 547 1278 604 punkt derselben ist einheitlich bestimmt, beide Hauptseiten
54 603 1278 660 (Quintklänge) sind vorhanden, und dissonirend sind nur 2
52 659 1284 716 Dreiklänge. Damit ein System bestehen könne, muss nach
46 723 1286 771 der früheren Annahme der Schwerpunkt d desselben selbst
52 786 1284 836 eine Klangvertretung finden; dann aber dürfen die übrigen
53 842 1273 892 noch vorhandenen Klänge nicht nach einer Seite der Gene¬
51 898 1281 964 ration nach liegen, denn sonst müsste der Schwerpunkt auf
50 963 1276 1011 einen anderen Ton, etwa auf eine der beiden Quinten fallen.
51 1019 1288 1074 In diesem Sinne sind zunächst die beiden Leitern II. 4 und
49 1083 1272 1131 IV. 1 zu verwerfen, da der Klang d in beiden nicht vor¬
51 1139 1275 1195 handen, dagegen a und resp. g doppelt Ausdruck finden.
58 1203 1284 1252 Um den Schwerpunkt, der nach diesen Tönen versetzt sein
52 1259 1285 1310 könnte, zu prüfen, müssen wir die Leiter transponiren. Die
53 1322 1276 1380 erstere, II. 4 ist die sogenannte aufsteigende Molltonleiter,
48 1379 1283 1428 die mit Unrecht den Namen d führt. — Versetzen wir den
54 1443 742 1506 Anfang um eine Quarte, so wird
146 1651 1283 1707 Beide Geschlechter sind, durch blosse Versetzung, mit
47 1714 1276 1765 dem System III. 3 identisch geworden; von diesem unter¬
54 1777 1292 1827 scheiden sie sich blos durch die Stimmung der Töne e und
58 1842 1291 1891 c. Dieses Geschlecht III. 3 ist ganz ohne Leitton, und hat
58 1896 1276 1947 daher 2 Septimen von d, eine obere c und eine untere e.
60 1956 1286 2004 Als geschlossenes System wird es nicht betrachtet werden
58 2010 1290 2066 können, weil fünf dissonirende Gebilde vorhanden sind, unter
63 2074 834 2140 welchen 2 pythagoräische Dreiklänge:
