1502 2450
662 114 886 171 34
288 218 1428 272 Haben wir mehre Töne a, b, c, d etc., wo letztere po¬
188 292 1441 348 sitive ganze Zahlen, ohne allen gemeinsame Theiler, so ist
195 354 1435 396 offenbar wiederum 1 der tonische Grundton, und die kleinste
186 403 1249 449 durch alle theilbare Zahl der phonische Oberton. —
295 457 1428 516 Sind die Schwingungsverhältnisse durch Brüche ausge¬
188 554 1433 629 drückt $$MATH etc., so ist unter analogen Bedin¬
193 635 1430 699 gungen für a, b, c, d, der Ton 1 der phonische Oberton,
189 700 1437 750 denn er ist der ate Partialton vom ersten, der bte vom zwei¬
195 762 1449 811 ten u. s. w. — Der tonische Grundton dagegen wird gleich
190 819 1103 869 dem reciproken Werthe des Generalnenners.
290 875 1431 932 Sind aber die Schwingungszahlen durch Brüche ausge¬
189 970 1441 1058 drückt $$MATH die sich auf ein und denselben Ton 1,
198 1058 1440 1109 etwa C beziehen, so können wir die Verhältnisse einmal
198 1114 1451 1164 durch Brüche mit gleichen Nennern, dann auch durch solche
189 1170 866 1228 mit gleichen Zählern darstellen:
288 1490 1447 1539 Setzen wir voraus, dass weder b, d, f noch a, c, e al¬
184 1593 1445 1676 len gemeinsame Factore besitzen, so ist $$MATH der tonische
192 1673 1437 1771 Grundton, $$MATH der phonische Oberton. Oder, um es an¬
195 1802 1438 1900 schaulicher zu machen:$$MATH.
188 1891 1443 1940 Hier haben wir rechts ganze Zahlen, und 1 ist nach dem frü¬
188 1986 1449 2076 heren der tonische Grundton, d. h. $$MATH. Ebenso ist
197 2106 1437 2195 $$MATH, und 1 ist der pho¬
196 2187 749 2243 nische Oberton, = ace . C.
