1502 2450
600 101 772 157 29
32 218 1270 268 stände in Betracht gezogen werden, auf die ich sogleich
34 275 447 331 näher eingehen will.
134 331 1271 379 Was zunächst die Combinationstöne betrifft, so hat
35 387 1268 444 Helmholtz die Ursache derselben entdeckt, und pag. 233
36 457 1262 499 und 234 seines Werkes erläutert. Einzelne Instrumente
35 506 1270 563 heisst es da, liefern besonders starke Combinationstöne. Die
34 571 1266 620 Bedingung für ihre Erzeugung ist, dass dieselbe Luftmasse
42 627 1259 684 von beiden Tönen in heftige Erschütterungen versetzt wird”.
36 700 1261 747 „Diess geschieht am stärksten in der Sirene, in welcher die
42 746 1262 796 verschiedenen Löcherreihen aus demselben Windkasten ange¬
32 811 1265 860 blasen werden. — Aehnlich der Sirene sind die Verhältnisse
42 866 536 932 bei der Physharmonica”. —
133 925 1263 987 Wenn nun subjective Gründe für die Entstehung der
43 987 1244 1046 Combinationstöne weiterhin angegeben werden (pag. 235),
33 1042 1266 1099 so scheinen doch diejenigen Musikinstrumente, welche einen
40 1108 1264 1155 für alle Töne gemeinsamen Windkasten haben, also auch die
41 1163 1264 1213 Physharmonica, nicht dazu geeignet, den Wohlklang der In¬
41 1227 1274 1276 tervalle zu prüfen. Die von Helmholtz gegebenen Reihen
39 1282 1275 1348 mögen daher in der That für die Physharmonica gelten, und
41 1339 1269 1395 es werden desshalb auch auf diesem Instrument die Mollac¬
36 1404 1274 1465 corde weniger wohlklingend erscheinen als die Duraccorde;
39 1460 1273 1515 für den Gesang aber, bei welchem je ein Ton stets nur aus
43 1524 1267 1579 je einem Windkasten, der Lunge nämlich, dringt, und ebenso
38 1579 1272 1626 für alle Streich- und Blaseinstrumente, da werden die Schwe¬
42 1643 1269 1692 bungen der Obertöne mehr in's Gewicht fallen, als die Com¬
49 1700 1275 1752 binationstöne, die meist sehr schwach, oft garnicht zu hö¬
37 1763 227 1812 ren sind.
144 1820 1282 1875 Versuchen wir indess, die Obertöne und deren günstige
50 1890 1278 1940 oder ungünstige Lage zum Maassstabe des Wohlklanges zu
49 1938 1285 1989 machen, so begegnen wir einer neuen Schwierigkeit. Erstens
49 2003 1287 2052 sind die, der Theorie nach bei einem gewissen Intervall am
50 2059 1274 2107 meisten störenden Schwebungen, vielleicht garnicht vorhan¬
44 2116 1280 2171 den, — wenn nämlich die entsprechenden Partialtöne in den
55 2179 1286 2228 Klängen fehlen, oder ihre Intensität lässt sich, wenigstens
