1502 2450
640 98 927 156 252
265 947 1410 1003 Der Ton d resp. d spielt hier eine wesentliche Rolle.
168 1011 1417 1067 Mit grossem Unrecht hat man, wie schon früher vorläufig
169 1066 1408 1128 besprochen ward, unter P. 3., einen Trugschluss gesehen,
171 1131 1413 1180 denn alsdann müsste unter allen Umständen auch T. 3 ein
174 1187 1412 1248 solcher genannt werden. Dass man letzteres nicht gethan,
166 1250 1413 1300 ist ein deutlicher Beweis, dass die heutige Systematik die
167 1307 1410 1356 Mollgeschlechter herabgewürdigt hat. Vielmehr können
177 1362 1418 1418 beide Klangfolgen Trugschlüsse sein, oder nicht, je nach dem
174 1429 1414 1476 Zusammenhange. So z. B. in folgenden Beispielen; in welchen
179 1484 1417 1537 die Stimmung des d im dritten Accorde unbestimmt ist, wenn
165 1547 1407 1595 der Spieler oder Sänger auf beide Folgen, c+ oder e}0, ge¬
171 1611 358 1661 fasst ist.
