1502 2450
600 136 692 197 167
54 255 1286 308 beiden Systemen eine Hauptrolle spielen, während e}0 in
53 314 1273 363 beiden in untergeordneter Bedeutung auftritt. Anders in der
46 370 1271 427 reciproken Verwandtschaft. Hier wird allemal ein Haupt¬
46 435 1268 484 accord des Ausgangssystemes einen Nebenaccord des com¬
49 490 1272 540 binirten Gebildes treffen und umgekehrt. Die Verwandtschaf¬
50 555 1269 604 ten sub 3 bis 6 unterscheiden sich darin von denen sub III bis VI
52 611 1286 660 dass bei den ersten die Hauptaccorde des Ausgangssystems
49 682 1272 739 (ton. c oder phon. e}) einen Gegensatz in den Nebenaccorden des
51 739 1286 787 combinirten Gebildes finden, während bei diesen (sub III bis
53 795 1281 858 VI), die Nebenaccorde (e}0 und h}0 in ton. c, f+ und c+ in
51 876 1281 930 phon. e}) der Ausgangssysteme ihren Gegensatz nunmehr in den
47 931 1273 988 Hauptaccorden des combinirten Systemes finden, so dass
48 995 1280 1060 die unter analoge Ziffern gestellten Systeme keineswegs
43 1050 1277 1109 identische Verwandtschaftsbeziehungen haben. Blos in den
49 1114 1277 1164 Wechselsystemen sehen wir sub 6 oder VI entweder die
40 1170 1269 1222 eine Art der Verwandtschaft, oder bei enharmonischem Wech¬
32 1235 640 1284 sel die andere Art vertreten.
132 1299 1268 1355 Bemerkenswerth ist weiter, dass niemals zugleich zwi¬
35 1362 1283 1411 schen zwei Systemen parallele und reciproke Verwandtschaft
36 1418 251 1476 stattfindet.
133 1493 1279 1549 Werfen wir einen Blick auf die Tabellen C und D, so
32 1547 836 1605 ergiebt sich folgendes zur Orientirung:
137 1618 1273 1684 Beide Tabellen sind gegen einander vollkommen sym¬
36 1675 1275 1725 metrisch, eine jede in sich unsymmetrisch. Der Ausgangs¬
29 1738 1285 1795 punkt ist die charakteristische Verwandtschaft sub 0. Da
30 1795 1284 1840 wir hier antinome Systeme mit einander combiniren, so
29 1860 1277 1908 wird allemal jetzt bei paralleler Verwandtschaft ein
29 1915 1280 1980 Hauptaccord des Ausgangssystemes seinen identischen Klang
33 1972 1272 2035 in einem Nebengebilde des combinirten Systems finden,
33 2027 1283 2083 und ein Nebenaccord des Hauptsystemes sein Ebenbild in
27 2092 1277 2147 einem Hauptaccorde des combinirten Systemes. Ganz anders
24 2154 1271 2203 bei reciproker Verwandtschaft: Ein Hauptaccord des Aus¬
25 2210 1281 2276 gangssystemes wird jetzt seinen Gegensatz in einem
