1502 2450
747 115 906 164 250
178 218 1425 266 im vorliegenden Beispiel mitenthalten. Die Auffassung wird
185 275 1418 331 eine andere, und es tritt in unserer Vorstellung ein enhar¬
180 348 1415 396 monischer Wechsel ein, wenn d nach cis} oder nach es} schrei¬
173 403 1412 483 tet. Im ersten Falle wird aus b{ ais}}, im anderen aus fis} ges{{.
178 482 1421 532 Ihrem Wesen nach ist die Vorhaltsdissonanz dieselbe. Eine
173 538 1429 595 schliessende unmittelbar verständliche Auflösung in einen
175 609 1431 660 consonanten Accord anders als im Sinne eines Vorhaltes giebt
177 660 1430 708 es für den übermässigen Dreiklang nicht, da gar kein Klanng
178 728 1428 773 existirt, der gleichzeitig von einem tonischen und
178 778 1426 828 demselben phonischen Klange aus unmittelbar ver¬
177 835 1433 891 ständlich erreicht werden kann. Jeder andere nah
177 898 1426 953 verwandte Schritt wird deshalb eine vorgreifende Bedeutung
172 954 393 1020 haben, so
285 1218 1418 1271 Wir haben hier zwei characteristisch verschiedene Klang¬
171 1284 1420 1340 folgen: d0, g0, d0 einerseits und d+, g0, d0 andererseits;
174 1340 1427 1387 eine jede ist verständlich, in der letzteren aber greift der
175 1410 1430 1460 g0-Klang dem unmittelbar verständlichen Gegensatz d0 vor;
177 1459 1428 1508 noch lebendiger wird die ebenso deutliche Folge beiderseits
173 1515 672 1579 fortschreitender Klänge:
275 1779 1428 1834 Entweder also ist der übermässige Dreiklang ein Vor¬
179 1842 1430 1891 haltsaccord, oder es muss die eine Seite des übermässigen
166 1898 1416 1964 Dreiklangs einen vorgreifenden Klang folgen lassen. Gegen¬
172 1962 787 2010 bilder dieser Beispiele wären
