1502 2450
770 122 948 181 238
303 227 1443 276 In Bezug auf die oben aufgeworfene Frage bemerke
202 291 1448 339 ich noch, dass eine Combination zweier voller Dreiklänge
197 347 1455 393 dem Gehör nicht leicht verständlich sein kann. Mit der
197 414 1443 468 grössern Anzahl von Tönen wächst die Unbestimmtheit
198 467 1379 516 in der Klangbedeutung. Aus dem Zusammenklange
218 602 825 652 wird vor Allem die Auflösung
206 722 1447 771 verständlich hervorgehen. Aber, rein physiologisch, im
195 779 1444 827 Sinne der Helmholtzschen Untersuchungen wird die
199 835 1440 893 Masse der Schwebungen das Verständniss trüben, und zudem
203 899 1438 964 hören wir ausser den Klängen g+ und f+ noch gleichzeitig
206 963 1440 1012 einen c+-Klang, der durch zwei Töne c und g vertreten ist.
202 1019 1440 1071 (Der vorstehende Zusammenklang mag in den reinen Ton¬
201 1082 1445 1131 systemen unter allen sechsstimmigen Accorden vielleicht der
202 1138 630 1192 verständlichste sein.)
198 1291 1445 1339 3. Septimenaccorde und dissonante Dreiklänge aller Systeme.
306 1402 1440 1452 In sämmtlichen Septimenharmonieen giebt es Töne, die
199 1459 1448 1507 fortgenommen werden können, ohne dass die entstandenen
201 1514 1435 1571 Dreiklänge dadurch consonant werden. Mathematisch sind
206 1578 1435 1635 dieselben dahin bestimmbar, dass sie nicht an den Grenzen,
207 1634 1445 1683 der Generation nach, stehen. Die in der Verwandtschaft
207 1699 1436 1748 am entferntesten von einander stehenden Töne sind die we¬
204 1765 1438 1820 sentlichsten Theile der Dissonanz. Hiervon ausgenommen
203 1820 1429 1868 sind nur die Gebilde 2) und 5) (auf Seite 231), bei welchen
201 1875 1428 1933 je ein Ton einen besonderen Klang vertritt. Bei diesen
201 1938 1430 1987 kann jeder Bestandtheil des consonanten dreistimmigen Thei¬
199 1993 1433 2052 les fortbleiben, ohne dass die Klangbedeutung alterirt
206 2051 1433 2108 werde. Es entstünden dadurch folgende dissonante Drei¬
202 2107 1432 2163 klänge, deren Klangbestimmung wiederum nicht erschöpft
200 2170 465 2228 werden soll.
