1502 2450
492 123 792 180 149
127 227 1136 347 1) Nr. 1 und 5. $$MUSIC und $$MUSIC.
41 387 1272 443 von welchen die letztere auf den ersten Anblick härter zu
40 450 1272 507 sein scheint, als die erstere; in beiden aber gewinnt nach
42 507 1261 564 Hauptmann's Auffassung c Terzbedeutung im neuen Ac¬
46 579 1261 620 cord: im ersten wird c Oberterz von as{-dur, im zweiten
40 635 790 700 Unterterz von phon. e}. Die Folgen
133 723 1140 828 2) Nr. 2 und 6. $$MUSIC und $$MUSIC
50 892 1273 940 erscheinen statthaft, namentlich wiederum als vorgrei¬
48 947 1273 1003 fende Klänge. — c tritt aus der tonischen oder phonischen
49 1012 1263 1065 Bedeutung in die eines Leitklanges der neuen Tonart des{-
42 1067 411 1141 dur oder phon. h}.
128 1131 1151 1239 3) Nr. 3 und 7.$$MUSIC und $$MUSIC
136 1339 1263 1396 Hier haben wir Folgen eines Dur- und des gleichna¬
42 1404 1266 1451 migen Mollaccordes. Nach Helmholtz wäre im ersten Bei¬
49 1459 1266 1516 spiele die Folge eines reinen und eines getrübten c-Klanges
41 1530 1269 1580 zu erkennen. Wir dagegen sehen einen Quint-Schritt, aber
43 1580 1265 1642 einen antinomen, vor uns. — Worin liegt das Unbestimmte,
38 1637 1270 1691 Schwankende dieser Klangfolge? Sollte die Helmholtzsche
46 1699 1270 1748 Auffassung besser hierüber Rechenschaft geben, als die un¬
48 1756 1276 1812 srige. — Im Gegensatz zu Helmholtz gehen wir davon
41 1819 1266 1883 aus, dass je bestimmter der Unterschied der Klangbedeutung
38 1876 1269 1924 zweier sich folgender Accorde ist, um so fester und bestimm¬
50 1940 1272 1987 ter die Folge erscheinen wird; nur muss die Beziehung eine
51 1994 1273 2051 einfache und deutliche sein. — Fassen wir die vorliegenden
43 2053 1042 2104 Accorde als Vertreter der Tonsysteme, so ist in
273 2131 1033 2196 c — e} — g : c Tonica, g [Phonica]
201 2187 1016 2260 in c — es{ — g : c [Tonica], g Phonica.
