1502 2450
657 107 730 163 19
173 210 1318 266 Obgleich Euler schon vor mehr als 100 Jahren die
65 266 1310 331 reine Stimmung seinen Untersuchungen zu Grunde legte, und
71 341 1315 388 spätere und frühere Forscher dasselbe thaten, — trotzdem
71 388 1308 443 werden bis in die neueste Zeit hinein die Harmonielehren
78 452 1313 508 ohne Berücksichtigung der Stimmung vorgetragen. Hiermit
76 507 1307 563 steht die sorgfältige und richtige Notenschrift, die wenig¬
73 578 1309 628 stens zum Theil die wahren Herleitungen bezeichnet, in
75 633 1306 691 grellem Widerspruch. Die Nothwendigkeit eines temperirten
76 690 1310 740 Systems für die praktische Ausführung ist ja niemals geläug¬
79 748 1321 803 net worden, desshalb sind solche Untersuchungen, wie die
73 803 1315 859 kürzlich von Drobisch 1) und Naumann 2) angestellten, von
81 868 1312 915 hoher praktischer Bedeutung. Letzterer vertritt aber die An¬
83 923 1309 979 sicht, das pythagoräische Quintensystem müsse die Grund¬
78 986 940 1040 lage jeder musikalischen Theorie bilden.
180 1059 1317 1110 Es wird aus dem Weiteren hervorgehen, weshalb wir
82 1128 1317 1180 uns dem Systeme natürlicher Stimmung anschliessen, womit
88 1178 1322 1228 wir den Standpunkt betreten, auf welchen zuerst Hauptmann
80 1242 1314 1291 sich stellte, und den Niemand, der einigermassen in das We¬
74 1299 1311 1363 sen der Helmholtzschen Forschungen eingedrungen ist,
77 1355 541 1411 wieder verlassen kann.
176 1506 768 1548 1) Drobisch in Pogg. Ann. Bd. 90.
184 1556 1310 1604 2) Naumann, I. c. Naumann verräth den Widerspruch seines Stand¬
83 1603 1321 1651 punktes, wenn er eine Aeusserung Möhring’s mit einer andern von Drobisch
82 1644 1317 1686 zusammenstellt, und auf beiden Behauptungen fussend seine Darstellung be¬
81 1698 1317 1736 ginnt. Möhring bezeichnet nämlich das reine Quintensystem als das „für
86 1731 1324 1771 die praktische Musik allein taugliche”, Drobisch aber sagt: „Alle auf der
84 1771 1320 1860 diatonischen Tonleiter mit grosser Terz $$MATH, grosse Sexte $$MATH, und grosse Sept. $$MATH
79 1858 1321 1902 gebauten Systeme seien für die heutige Musik weder in theoretischer noch
87 1900 1318 1940 in praktischer Beziehung brauchbar, das normative System sei das reine Quin¬
86 1946 1317 1986 tensystem, also das alte pythagorkische”. Möhring spricht eben nur von der
83 1985 1315 2028 Praxis — und seine mit dem Contrabass angestellten Versuche über die Intonation
87 2027 1325 2068 scheinen uns so schwierig, dass dieselben, abgesehen von anderen theoretischen
88 2067 1317 2107 Bedenken, nicht entscheiden können. Drobisch’s Aussage geht weiter; er
84 2115 1209 2155 will die Theorie der Musik auf dem pythagoräischen Systeme aufbauen.
