1502 2450
708 124 947 181 242
358 313 1302 366 4. Auflösung. Septimenaccord und Vorhalt.
308 434 1433 484 Die Auflösung einer Dissonanz wird um so leichter
206 496 1432 555 verständlich sein, je einfacher die Beziehung des auflösenden
195 546 1435 603 Klanges zu den Klangbestandtheilen der Dissonanz. Es
197 610 1434 660 kann auch der eine Theil der letzteren unverändert fortbe¬
198 668 1443 724 stehen, während der andere fortschreitet. Sowohl in der
208 730 325 812 Folge
197 1066 1441 1116 sind beispielsweise unmittelbar verständliche Quintschritte
202 1115 1434 1180 gleichzeitig ausgeführt. Der auflösende Accord ist con¬
203 1180 1429 1228 sonant und eindeutig; er wird in gewissem Sinne einge¬
197 1235 1346 1291 schlossen von beiden Bestandtheilen des Doppelklanges.
302 1306 1440 1355 Anders wenn nur der eine Klang weicht, und zwar so,
195 1355 1438 1420 dass der andere bestimmter in der Klangmasse hervortritt,
191 1419 408 1477 wie hier:
299 1826 1433 1876 Im vorliegenden Falle kommt Hauptmann's Auffas¬
193 1883 1448 1934 sung mit in Betracht, denn wenn g+ verschwindet und in
198 1939 1443 1995 c+ hinüberschreitet, wird der Ton g eine Quinte. Die letzte
197 2010 1434 2061 Art der Auflösung nennt man Vorhalt. Wir können, ohne
202 2067 1435 2124 mit dem bisher gültigen Begriff in Widerspruch zu treten,
191 2123 1429 2172 sagen: Vorhalt heisst diejenige Dissonanz, bei wel¬
202 2179 1437 2243 cher die eine Klangbedeutung in der Auflösung
