1502 2450
94 601 1335 659 „Der erste und Hauptunterschied verschiedenen Schalles,
97 659 1328 715 den unser Ohr auffindet, ist der Unterschied zwischen Ge¬
94 714 1332 771 räuschen und Klängen”. „Die Empfindung eines Klan¬
100 779 1330 843 ges wird durch schnelle periodische Bewegungen der tönen¬
93 846 1341 891 den Körper hervorgebracht, die eines Geräusches durch nicht
87 901 670 964 periodische Bewegungen 1)”.
206 954 1340 1018 „Unserem Ohre werden die Erschütterungen, welche von
89 1027 1349 1075 den tönenden Körpern ausgehen, durch Vermittelung der
91 1084 1339 1131 Luft übertragen. Die Lufttheilchen müssen periodisch sich
102 1139 1342 1187 wiederholende Schwingungen ausführen, um in unserem Ohre
95 1193 1324 1260 die Empfindung eines musikalischen Klanges hervorzubringen”.
88 1258 1341 1308 Die Lufterschütterungen pflanzen sich fort im Raume, bis
90 1315 556 1372 sie unser Ohr treffen.
187 1378 1338 1437 „Klänge können sich von einander unterscheiden durch
91 1436 1330 1500 ihre Stärke, ihre Tonhöhe, und durch ihre Klangfarbe”.
214 1603 1210 1660 I. Ueber die Tonhöhe. Buchstabentenschrift.
201 1691 1336 1755 „Die Tonhöhe hängt nur ab von der Schwingungs¬
96 1755 1336 1803 dauer oder, was gleichbedeutend ist, von der Schwingungs¬
91 1811 1334 1883 zahl, d. h. von der Anzahl der Schwingungen, welche der
93 1875 1329 1923 tönende Körper in einer Zeitsekunde ausführt”, „Die
94 1931 1327 1987 Klänge sind also desto höher, je grösser ihre Schwingungs¬
97 1995 1101 2043 zahl oder je kleiner ihre Schwingungsdauer ist”.
202 2115 1336 2167 1) Helmholtz, Tonempfindungen, pag. 11. — Alle in den beiden ersten,
96 2163 1330 2204 einleitenden, über Tonhöhe und Klangfarbe handelnden Kapiteln mit Anführungs¬
92 2202 816 2250 zeichen versehenen Sätze sind wörtliche Citate.
