1502 2450
669 99 983 156 104
301 699 1426 747 Man versuche nur das Spiegelbild der Melodie zu har¬
199 754 722 812 monisiren, also in C-dur.
297 978 1432 1043 Eben so wenig, wie man hier as{ einzuführen braucht,
190 1051 1434 1099 ebenso darf dort das h} nicht aufgenommen werden in die
196 1106 1435 1160 Begleitung. Und wenn andrerseits hier der Dominantschluss
193 1163 1102 1219 und der Halbschluss statthaft, so auch dort.
297 1226 1430 1276 Der Anfang dieses selben Gesanges ist nach Beetho¬
186 1284 514 1347 ven folgender:
301 1602 1429 1651 Ich glaube, dass das h als Zusatz betrachtet werden
193 1660 1428 1716 muss. Volksthümlicher und im Ausdruck zarter und feier¬
192 1723 1433 1771 licher, dabei durchaus dem Texte entsprechend, wäre, wenn
190 1791 1437 1843 auch für manche Ohren schwerer verständlich, im zweiten
199 1842 338 1892 Takte:
