1502 2450
671 121 947 171 282
302 642 1428 723 Wird stadt cis} — des{, statt es{ — dis} genommen, so
197 723 1175 777 entstehen ganz andere Klänge für die Accorde
290 987 1410 1033 Die Klangbedeutung ist ganz und gar geändert, ob¬
198 1043 1069 1108 gleich drei Töne identisch geblieben sind
298 1251 1424 1298 Die Folge zweier um einen grossen Halbton entfernter
189 1307 1416 1364 homonomer Klänge erhalten wir unmittelbar aus dem früheren
192 1379 1416 1429 Schema, wenn wir die Töne cis}, resp. es{ fortlassen.
194 1442 1418 1500 Hier wird durch die Auflösung der erste consonante Drei¬
183 1507 998 1555 klang in einen dissonanten verwandelt:
290 1864 1414 1911 Es erscheinen die Auflösungen immer nur als vorgrei¬
194 1923 1420 1972 fende Accorde, denen befriedigend die reciproken Klänge
194 1979 1426 2035 folgen. Umkehrbar sind diese Folgen nur in so fern, als
189 2044 1419 2091 die Klangbedeutung ähnlich bleibt der vorstehenden, wenig¬
191 2107 1421 2164 stens scheint d — fis} — a vor es{ — g — b{ nicht als Dop¬
193 2178 1425 2236 pelklang gedeutet werden zu können. Dass solche Klangfolgen
