1502 2450
535 129 721 179 83
54 238 1302 284 und Bellermann 1) nachgewiesen haben. Nach unserer
51 299 1297 362 Auffassung sind e}, a} und h} die Haupttöne der Leiter und nicht,
62 372 1294 420 wie in der modernen a-moll Tonleiter a}, d} und e}. So auch
61 427 1296 483 bei den Griechen. Dafür zeugt die Verbindung zweier Te¬
59 490 1287 540 trachorde e — f — g — a und h — c — d — e, die verbun¬
59 552 370 674 den die Leiter
51 810 1295 864 gaben 2). Ebenso finden wir diese Leiter als erste unter
58 859 1287 919 den Tongeschlechtern der Indier 3) und Araber 4) angegeben.
56 938 1286 981 Auf das Vorkommen des phonischen Geschlechts im Volks¬
61 993 1289 1050 gesange unserer Zeit, werde ich bei Gelegenheit der Har¬
58 1042 624 1100 monisirung zurück kommen.
150 1108 1287 1163 Dass unser Mollsystem lange nicht einer strengen Syste¬
60 1156 1287 1220 matik zu entsprechen im Stande ist, war längst erkannt;
60 1230 1293 1275 sogar Marx, der sonst streng auf seiner der Natur entnom¬
58 1275 1293 1340 menen Darstellung der Grundgebilde aller Harmonie, fussen
57 1338 1298 1397 will, sagt „der Molldreiklang und das ganze Mollgeschlecht
154 1467 1296 1524 1) Die Werke von Fortlage l. c. und F. Bellermann. „Die Tonleitern
54 1517 1293 1564 und Musiknoten der Griechen” Berlin 1847, bezeugen dieses der Art, dass auch
63 1554 1297 1604 kein Schatten von Zweifel übrig bleiben kann. Ambros in seiner „Geschichte
59 1600 1294 1650 der Musik” vom Jahre 1862 stellt diese Frage noch unentschieden hin. S. 367.
61 1651 292 1690 Anm. 1 und 2.
153 1696 697 1746 2) Ambros l. c. Bd. I, pag. 363.
158 1748 1298 1796 3) Vorausgesetzt nämlich, dass auch hier eine absteigende Leiter gedacht
61 1794 1295 1838 war, demnach die uns durch Jones mitgetheilten Leitern unten durch die Octave
58 1836 1299 1883 ergänzt werden müssen. Die Tonleiter Bhairava lautet nach Jones „Ueber die
64 1874 918 1924 Musik der Indier”, übersetzt von Dalberg Erfurt 1802:
66 2038 1294 2091 wo f, a, h, d und e als unveränderliche Töne besonders bezeichnet sind. s. auch
62 2091 516 2140 Ambros l. c. Bd. I, pag 55.
161 2131 1292 2184 4) Helmholtz pag. 434 führt sämmtliche Haupttonleitern der Araber auf.
57 2172 1296 2225 Die Leiter Buselik ist, da c, f und b feste Töne sind: F ges as b c des es f,
64 2211 1289 2268 also richtig wie dort bemerkt, F Dorisch, aber nicht F Tonica, sondern F Phonica.
