1502 2450
633 120 814 170 275
56 218 1304 292 gelöst werden, und andererseits auch nach fis}0. Diese Auf¬
55 290 1300 340 lösungsaccorde sind alsdann, wie ich meine, auch als in Con¬
57 362 1304 410 sonanzen umgewandelte Dissonanzen zu verstehen,
55 411 226 461 so dass
163 614 1310 668 Solche Umwandlung wird, wenn die Sequenz einem be¬
54 674 1305 724 kannt ist und nicht unerwartet erscheint, unmerklich schnell
56 731 1302 788 ausgeführt, und es bedarf kaum besonderer weiterer Accorde
56 796 1293 851 zur Fixirung der neuen Tonart ton. b{ oder phon. fis}. Im¬
47 881 1299 925 mer aber berührt eine sofortige Rückkehr nach ton. oder
52 931 1306 987 phon. d angenehm das Gehör. Besonders gleich nach b{-dur
50 987 531 1058 resp. fis}0, die Accorde
55 1188 814 1243 die d+, resp. d0 einschliessen; also:
48 1571 470 1628 und als Spiegelbild:
156 1931 1298 1979 Derselbe übermässige Sextaccord erscheint in den rei¬
54 1985 1297 2051 nen Cadenzen, wenn z. B. in c-dur der Ton d über dis}}
53 2077 1296 2131 nach e} schreitet. Solche „Durchgangsnoten” sind meist un¬
53 2124 1300 2179 ter dem Schutze einer „melodischen Stimmführung” ohne
54 2187 1292 2240 harmonische Begründung in der Harmonielehre eingeführt.
