1502 2450
518 91 739 164 81
44 210 1274 265 Hauptmann einen verminderten Dreiklang, und berücksich¬
37 275 1277 331 tigte ihn in ganz besonderer Weise in seiner Harmonik;
46 330 1264 395 selten haben spätere Theoretiker dem Anerkennung gezollt 1).
52 396 1276 460 — Der Dreiklang g — h} — d} ist offenbar ebenso dissonant,
43 468 1282 516 wie jener d — f — a}. Er ist bisher gänzlich übersehen
40 531 1283 583 worden, weil der Ton g der absteigenden a-moll Tonleiter
46 595 1048 644 nie in seiner wahren Bedeutung erkannt wurde.
149 650 878 700 Das zweite Paar von Gebilden war
41 898 873 947 welche beide keineswegs identisch sind.
150 956 1291 1008 Wollte man die beiden Töne der pythagoräischen kleinen
40 1019 1276 1068 Terz als Verwandte ersten Grades gelten lassen, so erhielten wir
46 1075 1287 1132 im tonischen System zwei tonische f-Klänge und im phonischen
38 1147 1287 1195 zwei phonische h}-Klänge deren tonische Grundtöne und
43 1203 1285 1267 phonische Obertöne sehr weit von den Accordbestandtheilen
49 1266 1286 1317 entfernt lägen (27 X 32). In dieser Weise ergäbe der
49 1329 1281 1388 Accord d—f—a} den von Rameau abgeleiteten Sextaccord
50 1404 656 1458 mit dem Fundamentalbass f:
42 1603 1013 1667 Das Gegenbild wäre ein Sextaccord unter h}:
46 1831 1293 1891 Beide Accorde in ihren Systemen sind aber dissonant, und
41 1903 924 1945 müssen desshalb anders behandelt werden.
156 2027 1280 2074 1) s. Bellermann, „Der Contrapunkt” Berlin 1862. S. 8. Der Verfas¬
50 2062 1278 2115 ser rügt die Ansicht Simon Sechters, derzufolge „der Dreiklang auf der zwei¬
51 2113 1284 2155 ten Stufe im Dursystem unreiner als die übrigen, und wie eine Dissonanz zu be¬
45 2149 1291 2196 handeln sei”. Hauptmann's Harmonik scheint dem Verfasser nicht bekannt
49 2195 174 2243 zu sein.
