1502 2450
762 99 923 156 228
185 213 1434 259 das innere Terzintervall eingetreten, der Septimenaccord
189 276 1423 331 eben ein Vorhaltsaccord geworden.” Als Beispiel dient der
186 331 1426 388 Accorde e} — g — h} — d. „Hier sind die Töne e} und d
194 395 1420 443 noch verhälltnisslos zu einander. Der geforderte, die Be¬
196 464 1436 524 ziehung herstellende Ton, ist a}, zu welchem e} als Quint, d
189 523 1422 571 als Grundton (in der für die c-dur-Tonart gültigen Quint¬
194 579 1439 644 bedeutung von d — a}) sich verhält. So entsteht aus dem
186 650 539 715 Septimenaccorde
193 777 584 836 der Vorhaltsaccord
198 914 1433 970 welch letzterer in f — a} — d oder in e} — a} — c sich
190 992 1430 1035 auflösen kann. Weiter aber „kann und wird die Auflösung
193 1049 1413 1091 der Dissonanz meistentheils mit dem Eintritte des vermit¬
191 1100 1423 1147 telnden Tones zugleich erfolgen, ohne sich beim vermitteln¬
195 1155 1427 1211 den Vorhaltsaccorde aufzuhalten.” Es stelle sich in der
191 1224 1425 1269 unmittelbaren Auflösung des Septimenaccordes
192 1283 1074 1331 ein zusammengesetzter Prozess dar.”
293 1340 1427 1388 Ich glaube, dass der Prozess in der That ein weit ein¬
193 1394 1426 1452 facherer ist; wir bedürfen blos der bei Untersuchung der
199 1459 1424 1507 verständlichen Klangfolge gefundenen Gesetze. Folgende Be¬
203 1514 1431 1580 griffsbestimmung dürfte ausreichen: Dissonanz ist das
194 1588 1433 1635 gleichzeitige Bestehen zweier oder mehrerer
199 1635 1427 1699 Klänge. Das Wort Klang nicht als einzelner Ton, sondern
200 1699 1064 1748 im Sinne der Klangvertretung gefasst.
296 1755 1431 1811 Die Auflösung einer Dissonanz kann eine doppelte sein
188 1819 1419 1884 ihrer Art nach: Entweder folgt 1) ein einheitlicher Klang,
195 1875 1427 1931 der als Folge zu jedem der beiden Dissonanzklänge
195 1939 1431 1987 verständlich oder 2) es folgen zwei Klänge, deren
201 1995 1427 2052 Folgen partiell und gleichzeitig verständlich. Diese
191 2060 1424 2100 beiden Klänge, die ihrem Wesen nach, wiederum als Dop¬
194 2130 1428 2180 pelklang eine Dissonanz bilden, gestatten eine Auflösung der
195 2184 1425 2229 ersten Art oder wiederum eine der zweiten. In letzterem
