1502 2450
640 116 717 172 25
57 219 1292 269 dann, wenn die Hypothese über die Beschaffenheit der Corti¬
66 282 1306 331 schen Fasern sich nicht bestätigen sollte, der Vorgang beim
60 339 1303 387 Hören im Wesentlichen doch kein anderer sein könne, weil
63 409 1297 452 unter allen Umständen die Wahrnehmung einzelner Theile
67 459 1304 510 einer zusammengesetzten Klangmasse auf der Mechanik des
66 515 1296 571 Mittönens beruhen müsse. Zudem ist die Existenz der
57 578 1302 628 Partialtöne objectiv und experimentell erwiesen. Ist es doch
60 635 1297 688 Helmholtz gelungen, die Klanganalyse der Vocale der
67 705 1299 756 menschlichen Sprache auszuführen; und noch mehr, mit Hülfe
65 755 1305 820 genau abgestimmter Stimmgabeln konnten die Partialtöne in
58 819 1309 867 richtiger Stärke so zu einander combinirt werden, dass ein
64 875 1216 923 bestimmter Vocal beim Zusammenklange Aller entstand.
161 931 1297 988 Ich muss jetzt noch kurz der Combinationstöne und
51 996 699 1065 Schwebungen Erwähnung thun.
167 1051 1290 1107 Wir hatten gesehen, dass „die schwingenden Bewegun¬
64 1122 1299 1180 gen der Luft und anderer elastischer Körper, welche durch
68 1183 1302 1236 mehrere gleichzeitig wirkende Tonquellen hervorgebracht
62 1235 1292 1282 werden, immer die genaue Summe der einzelnen Bewegun¬
67 1291 1295 1354 gen sind. Indess giebt es gewisse Erscheinungen, die davon
67 1354 1291 1412 herrühren, dass jenes Gesetz nicht ganz genau zutrifft”.
61 1411 1304 1459 Eine derselben ist die der Combinationstöne. Wenn zwei
61 1470 1296 1521 Töne gleichzeitig erklingen, so hört man neben diesen bei¬
62 1538 1287 1596 den noch einen dritten, einen Combinationston, dessen
65 1588 1294 1644 Schwingungszahl gleich der Differenz der Schwingungszahlen
66 1651 1301 1707 jener beiden Töne ist. So giebt das Intervall der Quinte
57 1712 1292 1753 2:3 den Combinationston 1 d. i. die tiefere Octave des tie¬
57 1771 1294 1814 feren Tones. Die kleine Sexte 5:8 giebt den Combina¬
62 1835 1296 1883 tionston 3, also wenn e}′:c″ = 5:8 so ist der Combinations¬
63 1899 1288 1947 ton g = 3. Betrachtet man die gesammte Reihe der Ober¬
62 1955 1290 2010 töne (S. 21), so ersieht man aus dieser sofort die Schwingungs¬
61 2017 1298 2081 zahlen eines gegebenen Intervalles, und dessen Differenzton 1);
158 2163 1296 2211 1) Ueber eine neue Art Combinationstöne, die Helmholtz entdeckte,
61 2204 913 2252 Summationstöne genannt, s. Helmholtz, l. c. pag. 232.
