1502 2450
704 115 1017 172 146
239 223 1449 276 verständlicher. Ich fasse die beiden Beispiele übersichtlich
241 298 466 339 zusammen:
338 762 1454 811 Wie Hauptmann bemerkt, kann jetzt sowohl der
227 840 1443 892 des{-Klang als der h{-Klang eine weitere Bestimmung für an¬
230 892 718 948 dere Tonarten erhalten.
330 956 1438 1007 Es kann noch eine andere Auffassung für das Verständ¬
235 1010 656 1075 niss der Klangfolgen
234 1219 1453 1268 statuirt werden, nämlich eine vorgreifende Bedeutung
228 1276 1440 1331 dieser Klänge im Gegensatz zu einer vermittelten. Als¬
221 1345 1445 1395 dann rechtfertigt sich der Gebrauch des zweiten Accordes
229 1396 1181 1452 erst durch die später eingetretene Klangfolge:
320 1883 1445 1940 Aehnliche durch blossen Gegensatz eines und desselben
217 1947 1442 1988 einmal tonisch dann phonisch bestimmten Klanges vermit¬
217 1995 1076 2047 telte Folgen sind für die Paralleltonarten
