<?xml version="1.0" encoding="UTF-8" standalone="yes"?>
<PcGts xmlns="http://schema.primaresearch.org/PAGE/gts/pagecontent/2013-07-15" xmlns:xsi="http://www.w3.org/2001/XMLSchema-instance" xsi:schemaLocation="http://schema.primaresearch.org/PAGE/gts/pagecontent/2013-07-15 http://schema.primaresearch.org/PAGE/gts/pagecontent/2013-07-15/pagecontent.xsd">
    <Metadata>
        <Creator>prov=University of Rostock/Institute of Mathematics/CITlab|PLANET AI GmbH/Gundram Leifert/gundram.leifert@planet-ai.de:name=ONB_Newseye_GT_M1+(htr_id=10810)::::v=2.6.7
prov=University of Rostock/Institute of Mathematics/CITlab|PLANET AI GmbH/Tobias Gruening/tobias.gruening@planet-ai.de:name=de.uros.citlab.module.baseline2polygon.B2PSeamMultiOriented:v=2.6.7
prov=University of Rostock/Institute of Mathematics/CITlab|PLANET AI GmbH/Tobias Gruening/tobias.gruening@planet-ai.de:name=/net_tf/LA73_249_0mod360.pb:de.uros.citlab.segmentation.CITlab_LA_ML:v=2.6.7
Transkribus</Creator>
        <Created>2021-03-18T14:22:15.277+01:00</Created>
        <LastChange>2021-09-10T10:41:32.664+02:00</LastChange>
        <TranskribusMetadata docId="738836" pageId="28121821" pageNr="224" tsid="64574552" status="DONE" userId="74363" imgUrl="https://files.transkribus.eu/Get?id=YMACMKQSKKNWOCNPZYBDQBBF&amp;fileType=view" xmlUrl="https://files.transkribus.eu/Get?id=JFSMOGHFYOJEXNYXGUMBEDAH" imageId="21905191"/>
    </Metadata>
    <Page imageFilename="Oettingen_Harmoniesystem_in_dualer_Entwickelung-0233.jpg" imageWidth="1502" imageHeight="2450" type="content">
        <ReadingOrder>
            <OrderedGroup id="ro_1631311010971" caption="Regions reading order">
                <RegionRefIndexed index="0" regionRef="TextRegion_1621266428875_6558"/>
                <RegionRefIndexed index="1" regionRef="TextRegion_1621266428875_6557"/>
                <RegionRefIndexed index="2" regionRef="TextRegion_1621266427037_6551"/>
                <RegionRefIndexed index="3" regionRef="TextRegion_1621266563473_6597"/>
                <RegionRefIndexed index="4" regionRef="TextRegion_1621266563473_6596"/>
                <RegionRefIndexed index="5" regionRef="TextRegion_1621266561513_6592"/>
                <RegionRefIndexed index="6" regionRef="TextRegion_1621266558291_6588"/>
                <RegionRefIndexed index="7" regionRef="TextRegion_1621266555875_6584"/>
                <RegionRefIndexed index="8" regionRef="TextRegion_1621266697368_6713"/>
                <RegionRefIndexed index="9" regionRef="TextRegion_1621266414165_6537"/>
                <RegionRefIndexed index="11" regionRef="TextRegion_1621266401429_6527"/>
                <RegionRefIndexed index="12" regionRef="TextRegion_1621266398119_6523"/>
            </OrderedGroup>
        </ReadingOrder>
        <TextRegion orientation="0.0" type="page-number" id="TextRegion_1621266428875_6558" custom="readingOrder {index:0;} structure {type:page-number;}">
            <Coords points="204,130 1442,130 1442,211 204,211"/>
            <TextLine id="r1l1" custom="readingOrder {index:0;}">
                <Coords points="774,181 835,177 846,181 871,174 938,172 935,120 771,130"/>
                <Baseline points="781,169 810,170 840,168 870,165 900,163 930,162"/>
                <TextEquiv>
                    <Unicode>214</Unicode>
                </TextEquiv>
            </TextLine>
            <TextEquiv>
                <Unicode>214</Unicode>
            </TextEquiv>
        </TextRegion>
        <TextRegion orientation="0.0" id="TextRegion_1621266428875_6557" custom="readingOrder {index:1;} structure {type:list;}">
            <Coords points="204,211 1442,211 1442,465 204,465"/>
            <TextLine id="r1l2" custom="readingOrder {index:0;} textStyle {offset:6; length:12;fontSize:0.0; kerning:0; letterSpaced:true;} m_tonality {offset:6; length:12;} m_tonality {offset:20; length:4;} textStyle {offset:26; length:1;italic:true; fontSize:0.0; kerning:0;} m_note {offset:26; length:1;} concept_mus {offset:28; length:16;}">
                <Coords points="196,272 1209,289 1209,234 196,238"/>
                <Baseline points="204,269 253,270 303,271 353,271 403,271 453,271 503,272 553,272 603,271 653,271 703,271 752,271 802,271 852,271 902,271 952,271 1002,271 1052,271 1102,271 1152,271 1202,271"/>
                <TextEquiv>
                    <Unicode>in 5) halbphonisch (Moll) c [Unterdominante]</Unicode>
                </TextEquiv>
            </TextLine>
            <TextLine id="r1l3" custom="readingOrder {index:1;} textStyle {offset:0; length:1;italic:true; fontSize:0.0; kerning:0;} m_note {offset:0; length:1;} concept_mus {offset:2; length:8;} textStyle {offset:15; length:8;fontSize:0.0; kerning:0; letterSpaced:true;} concept_mus {offset:15; length:8;}">
                <Coords points="804,354 859,335 888,355 916,336 1028,354 1049,333 1142,331 1231,355 1246,340 1384,338 1384,307 871,292 804,315"/>
                <Baseline points="811,339 839,336 867,334 895,333 924,331 952,330 980,330 1009,330 1037,330 1065,330 1094,330 1122,331 1150,331 1178,332 1207,332 1235,333 1263,333 1292,333 1320,332 1348,331 1377,330"/>
                <TextEquiv>
                    <Unicode>g [Tonica] und Regnante</Unicode>
                </TextEquiv>
            </TextLine>
            <TextLine id="r1l4" custom="readingOrder {index:2;} textStyle {offset:0; length:1;italic:true; fontSize:0.0; kerning:0;} m_note {offset:0; length:1;} textStyle {offset:2; length:9;fontSize:0.0; kerning:0; letterSpaced:true;} concept_mus {offset:2; length:9;} textStyle {offset:16; length:7;fontSize:0.0; kerning:0; letterSpaced:true;} concept_mus {offset:16; length:7;}">
                <Coords points="806,397 1437,404 1437,367 1253,347 1192,365 842,353 806,374"/>
                <Baseline points="813,390 843,390 874,390 905,390 936,390 967,390 997,390 1028,390 1059,390 1090,391 1121,391 1151,391 1182,392 1213,392 1244,392 1275,393 1305,393 1336,393 1367,393 1398,394 1429,394"/>
                <TextEquiv>
                    <Unicode>d Dominante und Phonica</Unicode>
                </TextEquiv>
            </TextLine>
            <TextLine id="line_1621266427050_6555" custom="readingOrder {index:3;} textStyle {offset:0; length:1;italic:true; fontSize:0.0; kerning:0;} m_note {offset:0; length:1;} concept_mus {offset:2; length:14;}">
                <Coords points="815,459 854,457 872,475 903,460 995,457 1032,474 1056,458 1128,460 1162,474 1162,411 1108,411 1084,423 871,411 855,426 815,426"/>
                <Baseline points="823,453 848,451 873,449 899,449 924,448 950,448 975,448 1001,448 1026,449 1052,449 1077,450 1103,450 1128,450 1154,450"/>
                <TextEquiv>
                    <Unicode>a [Oberregnante]</Unicode>
                </TextEquiv>
            </TextLine>
            <TextEquiv>
                <Unicode>in 5) halbphonisch (Moll) c [Unterdominante]&#13;
g [Tonica] und Regnante&#13;
d Dominante und Phonica&#13;
a [Oberregnante]</Unicode>
            </TextEquiv>
        </TextRegion>
        <TextRegion orientation="0.0" id="TextRegion_1621266427037_6551" custom="readingOrder {index:2;} structure {type:paragraph-continued;}">
            <Coords points="204,465 1442,465 1442,821 204,821"/>
            <TextLine id="r1l6" custom="readingOrder {index:0;} textStyle {offset:43; length:1;italic:true; fontSize:0.0; kerning:0;} m_note {offset:43; length:1;}">
                <Coords points="310,523 1434,524 1434,472 310,466"/>
                <Baseline points="318,508 373,509 428,509 484,510 539,510 595,511 650,511 705,511 761,511 816,511 872,511 927,511 982,511 1038,511 1093,511 1149,511 1204,511 1259,511 1315,512 1370,512 1426,513"/>
                <TextEquiv>
                    <Unicode>Gegen 1) und 6) ist also die Bedeutung von g und</Unicode>
                </TextEquiv>
            </TextLine>
            <TextLine id="r1l7" custom="readingOrder {index:1;} textStyle {offset:6; length:1;italic:true; fontSize:0.0; kerning:0;} m_note {offset:6; length:1;} textStyle {offset:30; length:1;italic:true; fontSize:0.0; kerning:0;} m_note {offset:30; length:1;}">
                <Coords points="207,579 1062,596 1277,556 1432,579 1432,538 207,539"/>
                <Baseline points="214,569 274,569 335,569 395,569 456,569 516,570 577,570 637,570 698,571 758,571 819,571 879,571 940,571 1000,571 1061,571 1121,571 1182,571 1242,570 1303,569 1363,568 1424,567"/>
                <TextEquiv>
                    <Unicode>resp. a herabgesetzt, die von d hat zugenommen. Dieser</Unicode>
                </TextEquiv>
            </TextLine>
            <TextLine id="r1l8" custom="readingOrder {index:2;} m_note {offset:0; length:3;} concept_mus {offset:16; length:15;}">
                <Coords points="207,644 1429,644 1400,595 950,620 368,587 302,618 207,588"/>
                <Baseline points="215,626 275,627 335,628 395,629 456,630 516,631 576,631 637,631 697,631 757,631 818,631 878,631 938,631 998,631 1059,631 1119,631 1179,631 1240,631 1300,631 1360,631 1421,632"/>
                <TextEquiv>
                    <Unicode>Ton erhält eine Doppelbedeutung, die die Hauptursache</Unicode>
                </TextEquiv>
            </TextLine>
            <TextLine id="r1l9" custom="readingOrder {index:3;} concept_mus {offset:32; length:8;} concept_mus {offset:41; length:7;}">
                <Coords points="206,699 1435,700 1414,651 206,659"/>
                <Baseline points="213,687 273,687 334,688 395,689 456,689 516,689 577,690 638,690 699,690 759,690 820,690 881,690 942,690 1002,690 1063,690 1124,690 1185,690 1245,690 1306,690 1367,691 1428,691"/>
                <TextEquiv>
                    <Unicode>des schwankenden Characters der unreinen Systeme ist.</Unicode>
                </TextEquiv>
            </TextLine>
            <TextLine id="r1l10" custom="readingOrder {index:4;} concept_mus {offset:13; length:7;} m_tonality {offset:25; length:15;}">
                <Coords points="209,763 1441,763 1406,707 299,736 209,708"/>
                <Baseline points="217,748 277,749 338,749 399,750 460,750 521,751 582,751 642,751 703,751 764,751 825,751 886,751 947,751 1008,751 1068,751 1129,751 1190,751 1251,751 1312,752 1373,752 1434,752"/>
                <TextEquiv>
                    <Unicode>Die gangbare Theorie des Mollgeschlechts urgirt blos die</Unicode>
                </TextEquiv>
            </TextLine>
            <TextLine id="line_1621266424904_6549" custom="readingOrder {index:5;}">
                <Coords points="203,817 379,817 390,828 439,819 439,782 350,779 343,771 321,780 296,780 287,771 264,780 247,771 203,774"/>
                <Baseline points="210,809 237,809 265,810 293,811 321,812 348,812 376,811 404,810 432,807"/>
                <TextEquiv>
                    <Unicode>Bedeutung</Unicode>
                </TextEquiv>
            </TextLine>
            <TextEquiv>
                <Unicode>Gegen 1) und 6) ist also die Bedeutung von g und&#13;
resp. a herabgesetzt, die von d hat zugenommen. Dieser&#13;
Ton erhält eine Doppelbedeutung, die die Hauptursache&#13;
des schwankenden Characters der unreinen Systeme ist.&#13;
Die gangbare Theorie des Mollgeschlechts urgirt blos die&#13;
Bedeutung</Unicode>
            </TextEquiv>
        </TextRegion>
        <TextRegion orientation="0.0" id="TextRegion_1621266563473_6597" custom="readingOrder {index:3;} structure {type:list;}">
            <Coords points="204,821 1442,821 1442,928 204,928"/>
            <TextLine id="r1l12" custom="readingOrder {index:0;} textStyle {offset:0; length:1;italic:true; fontSize:0.0; kerning:0;} m_note {offset:0; length:1;} concept_mus {offset:2; length:8;}">
                <Coords points="612,883 647,882 658,871 672,883 710,874 831,883 847,867 927,875 939,872 938,816 869,836 832,820 788,833 774,819 749,835 720,820 671,820 654,838 611,835"/>
                <Baseline points="619,869 645,867 671,864 697,863 723,863 749,862 775,862 801,862 827,863 853,863 879,862 905,862 931,861"/>
                <TextEquiv>
                    <Unicode>g [Tonica] und</Unicode>
                </TextEquiv>
            </TextLine>
            <TextLine id="line_1621266563484_6600" custom="readingOrder {index:1;} textStyle {offset:0; length:1;italic:true; fontSize:0.0; kerning:0;} m_note {offset:0; length:1;} concept_mus {offset:2; length:8;}">
                <Coords points="617,931 653,924 662,932 895,931 895,907 848,883 831,893 760,885 705,892 693,883 665,883 655,892 645,882 618,890"/>
                <Baseline points="625,922 651,921 677,921 703,921 729,921 756,922 782,922 808,922 834,922 860,922 887,922"/>
                <TextEquiv>
                    <Unicode>d Dominante.</Unicode>
                </TextEquiv>
            </TextLine>
            <TextEquiv>
                <Unicode>g [Tonica] und
d Dominante.</Unicode>
            </TextEquiv>
        </TextRegion>
        <TextRegion orientation="0.0" id="TextRegion_1621266563473_6596" custom="readingOrder {index:4;} structure {type:paragraph-continued;}">
            <Coords points="204,928 1442,928 1442,1004 204,1004"/>
            <TextLine id="line_1621266656553_6664" custom="readingOrder {index:0;}">
                <Coords points="209,995 302,976 434,1004 738,980 1059,999 1059,950 209,940"/>
                <Baseline points="217,979 242,980 267,981 293,981 318,982 344,982 369,983 395,983 420,983 445,983 471,982 496,982 522,982 547,982 573,982 598,982 624,982 656,983 682,983 708,983 735,983 761,983 787,983 814,983 840,983 866,984 893,984 919,984 945,984 972,984 998,983 1024,983 1051,982"/>
                <TextEquiv>
                    <Unicode>Ein Vorzug gebührt aber der Auffassung</Unicode>
                </TextEquiv>
            </TextLine>
            <TextEquiv>
                <Unicode>Ein Vorzug gebührt aber der Auffassung</Unicode>
            </TextEquiv>
        </TextRegion>
        <TextRegion orientation="0.0" id="TextRegion_1621266561513_6592" custom="readingOrder {index:5;} structure {type:list;}">
            <Coords points="204,1004 1442,1004 1442,1120 204,1120"/>
            <TextLine id="r1l16" custom="readingOrder {index:0;} textStyle {offset:0; length:1;italic:true; fontSize:0.0; kerning:0;} m_note {offset:0; length:1;} concept_mus {offset:2; length:8;}">
                <Coords points="606,1066 637,1066 661,1044 712,1054 727,1067 743,1067 759,1051 867,1049 866,1015 829,1003 771,1015 671,1004 656,1019 629,1012 605,1028"/>
                <Baseline points="613,1048 640,1046 667,1044 695,1043 722,1042 749,1042 777,1042 804,1042 831,1042 859,1041"/>
                <TextEquiv>
                    <Unicode>g Regnante</Unicode>
                </TextEquiv>
            </TextLine>
            <TextLine id="r1l17" custom="readingOrder {index:1;} textStyle {offset:0; length:1;italic:true; fontSize:0.0; kerning:0;} m_note {offset:0; length:1;} concept_mus {offset:2; length:7;}">
                <Coords points="611,1110 637,1116 658,1102 670,1114 810,1117 842,1103 842,1088 821,1075 792,1075 783,1066 749,1076 720,1075 709,1065 637,1067 611,1079"/>
                <Baseline points="618,1104 645,1102 672,1101 699,1101 726,1102 753,1103 780,1104 807,1103 834,1101"/>
                <TextEquiv>
                    <Unicode>d Phonica</Unicode>
                </TextEquiv>
            </TextLine>
            <TextEquiv>
                <Unicode>g Regnante
d Phonica</Unicode>
            </TextEquiv>
        </TextRegion>
        <TextRegion orientation="0.0" id="TextRegion_1621266558291_6588" custom="readingOrder {index:6;} structure {type:paragraph-continued;}">
            <Coords points="204,1120 1442,1120 1442,1241 204,1241"/>
            <TextLine id="line_1621266665783_6680" custom="readingOrder {index:0;} concept_mus {offset:8; length:9;} concept_mus {offset:18; length:7;} concept_mus {offset:36; length:7;}">
                <Coords points="205,1171 1441,1171 1441,1126 1375,1123 205,1124"/>
                <Baseline points="213,1160 239,1160 265,1161 292,1161 318,1161 345,1162 371,1162 397,1162 424,1162 450,1162 477,1162 503,1162 529,1162 556,1162 582,1162 609,1162 641,1162 680,1162 720,1162 759,1162 799,1162 839,1162 878,1162 918,1162 957,1162 997,1162 1037,1162 1076,1162 1116,1162 1155,1162 1195,1162 1235,1162 1274,1162 1314,1162 1353,1162 1393,1162 1433,1163"/>
                <TextEquiv>
                    <Unicode>Der auf antinomem Wechsel basirende Schluss ist nicht so</Unicode>
                </TextEquiv>
            </TextLine>
            <TextLine id="r1l20" custom="readingOrder {index:1;}">
                <Coords points="203,1233 665,1236 665,1190 647,1179 621,1196 567,1180 539,1205 501,1178 472,1195 360,1197 329,1180 307,1200 265,1179 203,1193"/>
                <Baseline points="211,1221 237,1221 263,1221 289,1221 316,1222 342,1222 368,1222 395,1222 421,1222 447,1222 473,1222 500,1222 526,1222 552,1222 579,1222 605,1222 631,1222 658,1222"/>
                <TextEquiv>
                    <Unicode>sehr dargestellt durch</Unicode>
                </TextEquiv>
            </TextLine>
            <TextEquiv>
                <Unicode>Der auf antinomem Wechsel basirende Schluss ist nicht so
sehr dargestellt durch</Unicode>
            </TextEquiv>
        </TextRegion>
        <TextRegion orientation="0.0" id="TextRegion_1621266555875_6584" custom="readingOrder {index:7;} structure {type:list;}">
            <Coords points="204,1241 1442,1241 1442,1357 204,1357"/>
            <TextLine id="r1l21" custom="readingOrder {index:0;} textStyle {offset:0; length:1;italic:true; fontSize:0.0; kerning:0;} m_note {offset:0; length:1;} concept_mus {offset:2; length:8;}">
                <Coords points="607,1306 635,1308 659,1287 679,1305 703,1290 805,1291 837,1299 836,1239 818,1239 796,1253 771,1243 740,1252 720,1243 669,1243 605,1264"/>
                <Baseline points="614,1290 641,1288 668,1285 695,1284 722,1284 749,1283 776,1282 803,1282 830,1280"/>
                <TextEquiv>
                    <Unicode>g [Tonica]</Unicode>
                </TextEquiv>
            </TextLine>
            <TextLine id="r1l22" custom="readingOrder {index:1;} textStyle {offset:0; length:1;italic:true; fontSize:0.0; kerning:0;} m_note {offset:0; length:1;} concept_mus {offset:2; length:9;}">
                <Coords points="612,1353 877,1355 877,1311 843,1306 822,1316 782,1316 757,1300 745,1313 711,1314 693,1302 664,1299 655,1307 645,1299 612,1318"/>
                <Baseline points="620,1342 647,1342 675,1341 703,1342 730,1342 758,1343 786,1343 813,1343 841,1341 869,1339"/>
                <TextEquiv>
                    <Unicode>d Dominante</Unicode>
                </TextEquiv>
            </TextLine>
            <TextEquiv>
                <Unicode>g [Tonica]&#13;
d Dominante</Unicode>
            </TextEquiv>
        </TextRegion>
        <TextRegion orientation="0.0" type="paragraph" id="TextRegion_1621266697368_6713" custom="readingOrder {index:8;} structure {type:paragraph;}">
            <Coords points="204,1357 1442,1357 1442,1411 1442,1470 1442,1588 204,1588"/>
            <TextLine id="r1l23" custom="readingOrder {index:0;}">
                <Coords points="207,1403 272,1403 278,1397 295,1403 414,1403 414,1363 399,1363 391,1355 325,1362 304,1354 285,1372 258,1355 207,1362"/>
                <Baseline points="214,1392 241,1391 268,1391 296,1391 323,1391 351,1391 378,1391 406,1392"/>
                <TextEquiv>
                    <Unicode>als durch</Unicode>
                </TextEquiv>
            </TextLine>
            <TextLine id="r1l24" custom="readingOrder {index:1;} textStyle {offset:0; length:1;italic:true; fontSize:0.0; kerning:0;} m_note {offset:0; length:1;} textStyle {offset:2; length:21;fontSize:0.0; kerning:0; letterSpaced:true;} concept_mus {offset:2; length:9;} concept_mus {offset:16; length:7;}">
                <Coords points="406,1459 1049,1454 1115,1475 1233,1457 1233,1419 406,1422"/>
                <Baseline points="413,1453 453,1452 494,1452 534,1452 575,1451 616,1451 656,1451 697,1451 738,1452 778,1452 819,1452 860,1453 900,1453 941,1453 982,1453 1022,1453 1063,1453 1104,1453 1144,1453 1185,1452 1226,1451"/>
                <TextEquiv>
                    <Unicode>d Dominante und Phonica zugleich.</Unicode>
                </TextEquiv>
            </TextLine>
            <TextLine id="line_1621266678556_6696" custom="readingOrder {index:2;} m_tonality {offset:30; length:15;}">
                <Coords points="205,1521 1176,1531 1265,1523 1265,1481 205,1493"/>
                <Baseline points="213,1514 241,1513 269,1513 298,1513 326,1514 354,1514 383,1514 418,1513 462,1513 506,1513 550,1513 594,1513 638,1513 682,1513 727,1513 771,1513 815,1513 859,1513 903,1513 947,1512 992,1512 1036,1512 1080,1512 1124,1512 1168,1511 1212,1511 1257,1510"/>
                <TextEquiv>
                    <Unicode>Analoges gilt symmetrisch für halbtonisch Dur, wo</Unicode>
                </TextEquiv>
            </TextLine>
            <TextLine id="r1l27" custom="readingOrder {index:3;} textStyle {offset:0; length:1;italic:true; fontSize:0.0; kerning:0;} m_note {offset:0; length:1;} textStyle {offset:2; length:6;fontSize:0.0; kerning:0; letterSpaced:true;} concept_mus {offset:2; length:6;} textStyle {offset:13; length:8;fontSize:0.0; kerning:0; letterSpaced:true;} concept_mus {offset:13; length:8;}">
                <Coords points="452,1581 1087,1595 1202,1576 1167,1532 1015,1556 808,1532 673,1552 607,1532 452,1541"/>
                <Baseline points="459,1572 495,1572 532,1572 569,1572 606,1572 642,1572 679,1572 716,1572 753,1572 789,1573 826,1573 863,1573 900,1573 936,1573 973,1573 1010,1572 1047,1572 1083,1572 1120,1572 1157,1571 1194,1571"/>
                <TextEquiv>
                    <Unicode>d Tonica und Regnante zugleich.</Unicode>
                </TextEquiv>
            </TextLine>
            <TextEquiv>
                <Unicode>als durch&#13;
d Dominante und Phonica zugleich.&#13;
Analoges gilt symmetrisch für halbtonisch Dur, wo&#13;
d Tonica und Regnante zugleich.</Unicode>
            </TextEquiv>
        </TextRegion>
        <TextRegion orientation="0.0" id="TextRegion_1621266414165_6537" custom="readingOrder {index:9;} structure {type:paragraph-continued;}">
            <Coords points="204,1588 1442,1588 1442,1642 204,1642"/>
            <TextLine id="line_1621266407713_6535" custom="readingOrder {index:0;}">
                <Coords points="307,1640 599,1642 614,1635 615,1601 451,1594 431,1602 389,1593 365,1601 351,1587 308,1596"/>
                <Baseline points="315,1627 341,1629 368,1631 394,1631 421,1632 447,1632 474,1632 500,1632 527,1632 553,1632 580,1632 607,1633"/>
                <TextEquiv>
                    <Unicode>Endlich ist in</Unicode>
                </TextEquiv>
            </TextLine>
            <TextEquiv>
                <Unicode>Endlich ist in</Unicode>
            </TextEquiv>
        </TextRegion>
        <GraphicRegion id="Graphic_1621266516102_6569" custom="readingOrder {index:10;} structure {type:floating;}">
            <Coords points="204,1642 1442,1642 1442,2014 204,2014"/>
        </GraphicRegion>
        <TextRegion orientation="0.0" type="paragraph" id="TextRegion_1621266401429_6527" custom="readingOrder {index:11;} structure {type:paragraph;}">
            <Coords points="204,2014 1442,2014 1442,2136 204,2136"/>
            <TextLine id="line_1621266733247_6757" custom="readingOrder {index:0;} concept_mus {offset:4; length:10;} concept_mus {offset:49; length:9;}">
                <Coords points="207,2068 1450,2071 1396,2018 207,2020"/>
                <Baseline points="215,2057 244,2058 274,2058 304,2058 334,2058 364,2058 394,2058 424,2058 454,2058 484,2058 514,2058 543,2058 573,2057 603,2057 633,2057 663,2057 693,2058 723,2058 753,2058 783,2059 813,2060 846,2058 875,2058 905,2059 935,2059 965,2059 995,2059 1024,2059 1054,2059 1084,2058 1114,2058 1144,2058 1173,2058 1203,2058 1233,2058 1263,2058 1293,2058 1322,2058 1352,2059 1382,2059 1412,2060 1442,2061"/>
                <TextEquiv>
                    <Unicode>Die Hauptseite ist eingebüsst, denn 3) hat keine Dominante,</Unicode>
                </TextEquiv>
            </TextLine>
            <TextLine id="r1l42" custom="readingOrder {index:1;} concept_mus {offset:13; length:8;}">
                <Coords points="209,2128 307,2120 342,2140 365,2123 494,2123 563,2140 703,2131 703,2098 659,2083 209,2092"/>
                <Baseline points="217,2119 242,2119 267,2119 292,2119 317,2119 343,2119 368,2119 393,2119 418,2118 443,2118 469,2118 494,2118 519,2118 544,2118 569,2119 595,2119 620,2119 645,2119 670,2119 696,2120"/>
                <TextEquiv>
                    <Unicode>und 4) keine Regnante.</Unicode>
                </TextEquiv>
            </TextLine>
            <TextEquiv>
                <Unicode>Die Hauptseite ist eingebüsst, denn 3) hat keine Dominante,
und 4) keine Regnante.</Unicode>
            </TextEquiv>
        </TextRegion>
        <TextRegion orientation="0.0" type="paragraph" id="TextRegion_1621266398119_6523" custom="readingOrder {index:12;} structure {type:paragraph;}">
            <Coords points="204,2136 1442,2136 1442,2288 204,2288"/>
            <TextLine id="line_1621266745534_6772" custom="readingOrder {index:0;}">
                <Coords points="320,2191 1448,2194 1448,2148 1368,2139 320,2140"/>
                <Baseline points="328,2178 354,2178 380,2177 407,2177 433,2178 460,2178 486,2178 512,2179 539,2179 565,2179 592,2180 618,2180 644,2180 671,2180 697,2180 724,2179 750,2179 777,2177 793,2176 825,2177 857,2178 890,2178 922,2179 955,2179 987,2179 1019,2179 1052,2179 1084,2179 1117,2179 1149,2178 1181,2178 1214,2178 1246,2178 1279,2178 1311,2178 1343,2178 1376,2179 1408,2180 1441,2181"/>
                <TextEquiv>
                    <Unicode>Uebersichtlich erhalten wir folgende Zusammenstellung</Unicode>
                </TextEquiv>
            </TextLine>
            <TextLine id="r1l45" custom="readingOrder {index:1;} m_note {offset:8; length:4;} textStyle {offset:13; length:1;italic:true; fontSize:0.0; kerning:0;} m_note {offset:13; length:1;} textStyle {offset:16; length:1;italic:true; fontSize:0.0; kerning:0;} m_note {offset:16; length:1;} textStyle {offset:19; length:1;italic:true; fontSize:0.0; kerning:0;} m_note {offset:19; length:1;} textStyle {offset:22; length:1;italic:true; fontSize:0.0; kerning:0;} m_note {offset:22; length:1;} textStyle {offset:25; length:1;italic:true; fontSize:0.0; kerning:0;} m_note {offset:25; length:1;}">
                <Coords points="211,2252 780,2251 780,2214 678,2221 652,2194 608,2226 567,2210 550,2227 415,2195 364,2215 315,2195 291,2219 211,2200"/>
                <Baseline points="218,2239 245,2239 273,2239 301,2239 328,2239 356,2239 384,2240 411,2240 439,2241 467,2242 495,2242 522,2243 550,2243 578,2243 605,2244 633,2244 661,2243 688,2243 716,2242 744,2241 772,2239"/>
                <TextEquiv>
                    <Unicode>für die Töne c, g, d, a, e.</Unicode>
                </TextEquiv>
            </TextLine>
            <TextEquiv>
                <Unicode>Uebersichtlich erhalten wir folgende Zusammenstellung
für die Töne c, g, d, a, e.</Unicode>
            </TextEquiv>
        </TextRegion>
    </Page>
</PcGts>
