1502 2450
542 131 844 187 85
58 234 1316 299 jenen einigermassen ersetzen könnte, könne also keinen
59 299 1302 348 Schluss, folglich keinen Satz bilden. Hiemit sei
59 354 1304 408 die Unbrauchbarkeit der Tonreihe als Grundlage für Com¬
55 421 1307 482 position bewiesen (!?)”. Wie anders dagegen verfährt
61 475 1307 531 d’Alembert, der vollkommen die Unmöglichkeit, die ab¬
57 539 1310 587 steigende Molltonleiter tonisch zu erklären, einsieht. Ich
54 594 1315 646 setze den ganzen bezüglichen Abschnitt hierher, da er in
57 658 823 708 der That von hohem Interesse ist 1):
162 716 1312 780 „Il est bien difficile d'expliquer, pourqoui (dans le mode
66 778 1314 840 mineur descendant de la, sol, fa, mi, ré, ut, si, la) le fa qui
58 834 1304 884 doit suivre le sol, est naturel et non dièze; car la basse fonda¬
57 899 1298 948 mentale la, mi, si, mi, la, ré, la, mi, la donne en des¬
63 955 1300 1019 cendant la, sol, fa♯, mi, mi, ré, ut, si, la. Et il est clair,
62 1024 1306 1075 que le fa ne peut être que diêze; puisque fa♯ est la quinte de
62 1077 1305 1140 la note si de la basse fondamentale. Cependant l'expérience prouve,
64 1131 1313 1195 que le fa est naturel en descendant dans l'echelle diatonique du
57 1208 1302 1260 mode mineur de la; surtout quand le sol précédent est natu¬
66 1258 1314 1316 rel: et il fant avouer que la basse fondamentale paraît
61 1314 1302 1375 ici en défaut”. Ich verweise den Leser auf das Original,
64 1372 1312 1427 in welchem er finden wird, welche Schwierigkeiten sich bei
59 1435 1309 1483 Zugrundelegung des Fundamentalbasses ergeben, die indess
58 1491 1306 1547 d’Alembert als solche erkennt „je ne sais si le Lecteur ne
64 1555 1306 1611 verra pas avec regret que la basse fondamentale ne donne point,
65 1625 1316 1667 a proprement parler, d'échelle diatonique du mode mineur en
67 1673 1307 1723 descendant, lorsque cette même basse donne si bien l'échelle
65 1730 1308 1786 diatonique de ce même mode en montant, et l'échelle diatoni¬
62 1799 1304 1860 que du mode majeur, soit en montant, soit en descendant”.
65 1850 1302 1916 (s. auch d. folg. Anm.) (y). Alles was wir als tonisches Ge¬
61 1916 1310 1971 bilde kennen, so namentlich auch die sog. aufsteigende Moll¬
70 1972 1313 2028 tonleiter vermag d’Alembert zu erklären, das f dagegen
65 2043 1308 2092 konnte als wesentlicher Bestandtheil des phon. a}-Klanges
67 2104 1319 2163 nur vom Prinzip der Phonicität aus, erkannt werden, worauf
165 2226 666 2283 1) d'Alembert l. c. pag. 71.
