1502 2450
651 114 725 172 87
67 218 1310 276 wieder zu erscheinen. Die hergebrachten Wendungen folgen
54 283 1303 339 jetzt, bis der Verfasser die unvermeidlichen Zwittermollsy¬
55 339 1306 394 steme errungen hat, und der accordliche Gegensatz ist dahin.
66 403 1307 443 — Ich bemerke nur noch, dass das Wesen des Regnant¬
55 458 1309 516 septimenaccordes weder mit diesem seinen Namen, noch mit
58 523 1305 570 der Formel — f7 erschöpft ist. Erst bei der Theorie der
57 580 1249 635 Dissonanz kommen wir auf diese Frage wieder zurück 1).
167 639 1309 692 Es hält nicht schwer, von dem einmal festgesetzten
57 699 1314 747 Standpunkte aus die bisherige Lehre zu beurtheilen, und
61 755 1310 806 wir werden in der Folge noch interessante Belege für
57 819 1308 865 die sonderbare Einseitigkeit unserer modernen Systeme fin¬
70 875 1302 931 den. Dass dieser Mangel sehr häufig und lebhaft empfun¬
62 938 1312 987 den worden, dafür liesse sich Vieles anführen. Vor allem
61 996 1308 1047 hat Fortlage in seinem citirten Werke: „Das musikalische
66 1052 1291 1116 System der Griechen in seiner Urgestalt, Leipzig, 1847”,
68 1115 1303 1171 unzweideutig die Einseitigkeit aller modernen musikalischen
66 1172 1295 1228 Theorieen streng gerügt. Ich kann zwar nur bedingt bei¬
61 1235 1309 1290 stimmen, wenn er den Wunsch hegt, „die Theorie möge von
64 1299 1302 1355 ihrem blos ästhetischen und beengten Standpunkt der zwei
70 1355 1303 1403 unveränderlichen Skalen auf den rein rationellen und allum¬
63 1419 1298 1467 fassenden Standpunkt der sieben unveränderlichen Tonlei¬
65 1474 1298 1530 tern fortschreiten 2)”, weil das Rationelle dieses Standpunktes
62 1543 1302 1588 selbst erst geprüft sein will. Wir werden sämmtlichen
71 1595 1314 1658 griechischen Gebilden begegnen, manche derselben aber als
66 1652 1306 1708 unmöglich ausschliessen müssen. Fortlage führt seine
63 1716 1303 1762 Polemik glänzend durch, soweit dieselbe kritisch die mo¬
68 1771 1296 1824 derne Theorie behandelt, und es wird hier nicht über¬
64 1834 1302 1900 flüssig sein, genauer hierauf einzugehen, da die Stellen,
171 1994 1301 2038 1) Ob vom Verfasser, wie in der Einleitung versprochen wird, ein grösse¬
68 2036 1302 2084 res Werk erschienen, habe ich, trotz Nachforschungen nicht ermitteln können. Es
76 2075 1297 2122 würde mich freuen, wenn Herr Kraushaar für die Begründung der modulatori¬
73 2122 1299 2163 schen Form auf Resultate gekommen sein sollte, die mit den meinigen, in dieser
71 2162 617 2203 Arbeit entwickelten, übereinstimmen.
166 2210 643 2268 2) Fortlage, l. c. pag. 133.
