1502 2450
573 98 825 156 171
198 203 1339 260 Unsere Notenschrift (nicht Tastatur) entbehrt der
94 259 849 316 Unterscheidungszeichen für die Töne
87 386 1317 431 welche sämmtlich in einer blos um ein Komma verschiede¬
84 451 646 500 nen Stimmung vorkommen.
187 501 1326 554 Ich glaube nicht, dass es zweckmässig wäre eine neue
89 563 1329 612 Bezeichnungsart einzuführen, da die reine Intonation bei so
85 620 1330 677 geringen Unterschieden wie sie hier obwalten, kaum durch
82 675 816 731 den blossen Griff gelingen dürfte 1).
182 739 1329 787 Selbstverständlich erweitert sich das Tonmaterial, wenn
86 808 1323 851 man andere Ausgangstöne wählt. In welcher Art solches
75 859 1314 910 geschieht, lehrt eine leichte Ueberlegung mit Hülfe der Ta¬
86 914 404 972 belle Seite 15.
77 1035 1327 1091 3. Characteristik der Verwandtschaft der homonomen und
405 1090 983 1163 antinomen Tongeschlechter.
177 1195 1320 1252 Fragen wir jetzt weiter, welche Tonarten direkt ver¬
81 1259 1329 1307 wandt mit den gegebenen Ausgangssystemen ton. c und
81 1322 1233 1387 phon. e} sind, so ergeben sich folgende kleine Tabellen:
174 2130 1310 2171 1) Einen Vorschlag von Ellis s. Helmholtz „Tonempfindungen” 2te Aus¬
75 2170 377 2228 gabe, Beilage XIV.
