1502 2450
763 123 844 188 44
185 235 1436 292 der Mollharmonie, kann unmöglich befriedigend das Ver¬
189 299 1431 356 ständniss dieses Accordes ausdrücken. Dem Intervall c — g
185 362 1436 418 könnte auf diese Weise jeder beliebige andere Ton, (etwa
184 419 1178 478 dis), als „störendes Element” beigesellt werden.
287 475 1435 532 Auch d’Alembert betrachtet den Mollaccord c — es{ — g
181 558 1435 603 als einen getrübten c-Klang: „un arrangement, qui n'est pas
186 613 1437 667 à la vérité aussi parfait, que le premier ut, mi, sol; parceque
182 667 1432 715 dans celui-ci les deux sons mi et sol sont l'un est l'autre en¬
186 726 1429 787 gendrés par le son principal ut, au lieu que dans l'autre le
190 779 1430 835 son mi♭ n'est pas engendré par le son ut: mais cet arrange¬
189 843 1430 894 ment ut, mi♭, sol, est aussi dicté par la nature, quoique moins
185 908 1426 964 immédiatement que le premier; et en effet l'expérience prouve
189 963 1257 1028 que l'oreille s'en accommode à peu prés aussi-bien 1)”.
290 1018 1429 1074 Das positive Element finde ich vielmehr in dem
186 1076 1429 1133 allen drei Tönen gemeinsamen g-Klange. g ist, wie
189 1128 1432 1195 Hauptmann sich ausdrückt, das bestimmte Element des
186 1210 1427 1252 Accordes, sowie c als bestimmendes Moment des Duraccor¬
192 1251 1433 1308 des auftritt. Meiner Auffassung nach finden wir indess eher
184 1306 1434 1372 im Mollaccorde ein positives Element als in jenem. Denn
183 1387 1433 1427 alle drei Töne des Mollaccordes afficiren in unserem
195 1435 1436 1491 Gehörorgane wirklich ein und dasselbe g, und noch
185 1499 1428 1548 mehr: — Wenn klangreiche Töne erklingen, so coïncidiren
192 1555 1424 1612 nicht blos die allen drei Tönen gemeinsamen g, sondern noch
187 1618 1434 1667 alle zu diesem letzteren gehörigen Obertöne, (s. p. 32) so
183 1671 1434 1724 dass in der gesammten Masse sich ein vollständiger
187 1744 1428 1795 g-Klang wirklich im Gehörorgane geltend macht. Das
184 1795 1425 1842 Intervall c — g ohne Terz ist unbestimmt, wie alle zwei¬
191 1864 1428 1908 stimmigen Intervalle. Wir können es, wie später ausführ¬
184 1916 1426 1973 lich dargethan wird, als tonischen c-Klang, oder als pho¬
296 2050 1429 2100 1) d’Alembert, „élémens de musique”, pag. 22 und ff. Besonders
186 2099 1434 2140 wichtig ist die Anm. f, pag. 23, der zufolge d’Alembert die frühere in der
189 2139 1432 2188 ersten Ausgabe seines Werkes mitgetheilte Auffassung Rameau's widerlegt.
191 2179 1431 2227 Wahrscheinlich hat Helmholtz nur die erste Auflage gekannt, s. Helmholtz
184 2226 413 2276 l. c. pag. 352.
