1502 2450
187 103 251 148 IV
191 226 1434 276 beiden ersten Abschnitte, — einzuführen gewagt. Mir er¬
202 298 1426 362 gab sich kein besserer, dem Zweck entsprechender Ersatz.
191 384 1443 435 Gelingt es dem Leser, der das Wesen der Sache
189 451 1438 500 und die gegebenen Definitionen beachtet, treffendere
196 531 1434 587 Ausdrücke und Namen zu finden, so bescheide ich
189 602 1438 660 mich gern. In Bezug auf den Titel mache ich darauf
195 683 1434 739 aufmerksam, dass das Wort „dual”, obgleich selten
194 755 1437 811 als Adjectiv in der deutschen Sprache gebraucht, doch
190 835 1434 888 ohne Zweifel ursprünglich ein solches ist. In dem
194 907 1446 965 Begriffe der Consonanz unterschied man stets den
194 992 1443 1043 Gegensatz: Dur und Moll. Die innere Dualität
193 1068 1435 1115 oder Zweifaltigkeit der Harmonie gestattet auch für
196 1138 1429 1195 das Harmoniesystem eine äussere, duale, d. h. zwei¬
186 1219 1427 1272 fältig-gegensätzliche Form der Entwickelung, die
186 1290 1438 1344 in einem symmetrischen Bau aller Tongebilde und
182 1370 1428 1424 Klangfolgen sich kund thut. In diesem Sinne ist das
191 1443 1259 1497 Wort „dual” auch im Texte häufig angewandt.
286 1523 1426 1580 Endlich muss ich noch mein Bedauern darüber
182 1603 1428 1655 aussprechen, dass ich zu spät die von Helmholtz
187 1674 1426 1748 in seiner „Lehre von den Tonempfindungen”
186 1754 1420 1803 mitgetheilten Notizen über die Thätigkeit der Tonic-
183 1833 1425 1884 Solfa-Associations bemerkt habe, um die dort ci¬
186 1912 1423 1964 tirten Werke: „of Vocal Music sounded on the Tonic
182 1979 1422 2051 Solfa Method” by J. Curwen, 19th Edition, London,
188 2060 1421 2116 Ward & Comp., und „The standard Course of lessons
188 2138 1427 2191 on the Tonic Solfa Method” by J. Curwen. London.
