1502 2450
577 98 872 156 251
192 451 1341 498 In den Doppelleittongeschlechtern finden wir ausser den
88 508 1340 571 Vorhaltsauflösungen der dort vorkommenden übermässigen
83 571 1245 619 Dreiklänge noch folgende wenig befriedigende Cadenzen
193 931 1339 988 Die letzten Auflösungen führen uns aus dem Gebiete
91 994 1325 1043 der Vorhalte, die hier in sofern immer noch implicite ent¬
84 1051 1334 1107 halten sind, als eine Vorhaltsauflösung die Vermittelung bil¬
87 1123 1330 1164 det (wie man leicht sieht), hinüber zu den Septimenaccorden
86 1171 1325 1219 und deren Auflösungen. Ebenso wenig wie bei den Vor¬
92 1235 1338 1286 halten, werden wir hier den Bereich der Möglichkeiten
92 1290 321 1349 erschöpfen.
337 1507 1100 1579 6. Auflösung der Septimenaccorde.
199 1658 1337 1714 Von den 7 Paaren von Septimenaccorden, die auf Seite
95 1722 1332 1787 231 aufgeführt wurden, zeichnen sich die 3 Paare unter 2.,
91 1779 1326 1835 5., und 7., dadurch aus, dass sie nicht unmittelbar ver¬
89 1851 1327 1896 ständliche Quint-Schritte, sondern Doppelquint- oder Sekund¬
90 1898 1323 1954 schritte mit einander verbinden. Die hier auftretenden Dop¬
91 1971 1326 2035 pelklänge f+ + g+ resp. h}0 + a}0 können representirt wer¬
88 2032 1334 2078 den durch die symbolische Form 3-1 + 3+1 Sie nehmen
85 2082 1335 2138 sämmtlich den Ton 1 in ihre Mitte, und wir erhalten fol¬
90 2147 1231 2211 gende 3 Paare unmittelbar verständlicher Auflösungen:
