1502 2450
621 122 718 180 79
41 227 1280 281 sowohl tonisch als phonisch, wenn im Schlussaccord weder im
39 283 1280 339 ersten Fall die Tonica c, noch im zweiten die untergeord¬
42 356 1113 410 nete [Tonica] a} in der untern Stimme liegt, z. B.
35 579 1281 628 die Phonica e} fehlt ganz, aber trotzdem ist die Sexte c—a}
62 635 1291 707 = e}0. Eine Verwechselung mit dem sonst noch möglichen
38 707 752 764 f+ verhindert der Zusammenhang.
143 763 1276 828 In kirchlichen Gesängen ist der normal tonische Schluss,
50 828 1288 875 wo die [Phonica] g in der Oberstimme liegt, vielleicht der
43 882 1284 932 häufigste 1). Eine ähnliche Fessel wie wir sie für den
49 940 1279 996 Grundbass thatsächlich besitzen, hat sich für die oberste
42 1004 1282 1052 Stimme nie geltend machen können, weil die Freiheit der
48 1059 1283 1115 Melodie dadurch beengt worden wäre. Ist im gewissen
47 1123 1284 1172 Sinne der Grundbass über Gebühr gefesselt, so fehlt andrer¬
37 1180 1289 1236 seits der höchsten Stimme eine gewisse Schranke. Diese
41 1243 1275 1291 ihre Freiheit kann unter Umständen von allergrösster Be¬
49 1299 1284 1355 deutung werden. Es ist zuweilen grade die Quinte, ein
49 1361 1290 1420 anderesmal grade die Terz eines Dreiklangs, die geeignet
45 1419 844 1475 ist, den obersten Schlusston zu bilden.
144 1481 1274 1531 Indess scheint mir, kann dieses Bedürfniss einer be¬
49 1539 1280 1596 stimmten Schlussart für die Harmoniefolge des ganzen Syste¬
49 1595 1288 1651 mes und besonders für seinen innern Bau und Zusammen¬
49 1658 1285 1709 hang nicht maassgebend sein. Dieses muss trotzdem mit
45 1731 1291 1780 seinen leitereigenen Bestandtheilen bearbeitet werden, viele in
49 1779 1288 1829 diesem alt dorischen Systeme geschriebenen Kunstwerke
50 1847 1296 1891 entbehren auch wirklich vollkommen der grossen Oberterz
55 1899 1286 1948 der Phonica, die gewöhnlich nur im Schlusstacte vorkommt.
59 1954 1291 2007 Wir sehen deshalb im Folgenden ganz von diesen hier ob¬
164 2091 1286 2137 1) Bei Marx, Compositionslehre Bd. I pag. 495, lese ich z. B. dass eine
54 2131 1286 2179 Melodie auch mit einem anderen Tone als der Tonica anheben, sogar mit einem
56 2178 1290 2219 andern (mit der Terz der Tonica) schliessen kann, wenn gleich das Letztere
55 2219 633 2263 sich nur ausnahmsweise findet.
