1502 2450
700 130 955 186 102
314 235 1428 284 Der Begleitung liegt offenbar die instrumentale c-moll-
214 291 1437 348 Tonleiter zu Grunde. — Die Berechtigung dieses Geschlechts
218 355 1435 404 bin ich weit entfernt zu läugnen. Alle unsere Classiker
212 411 1438 468 haben in demselben geschrieben, ja man kann sagen, dass
218 483 1434 524 sie es zu hohem Werth herangebildet haben. Ob aber ein
220 532 1436 580 Vorwurf sie trifft, wenn sie das rein phonische Geschlecht
215 587 1426 652 niemals in ihren selbstständigen Kunstwerken angewandt,
208 651 1424 701 darüber liesse sich streiten. So manches Adagio der Sona¬
216 707 1430 771 ten und Symphonieen Mozarts oder Beethovens würde,
217 778 1422 819 meine ich, gewaltiger wirken, wenn diese Meister der Ton¬
216 827 1428 883 kunst die phonischen Klangfolgen statuirt hätten 1). Nim¬
215 898 1428 947 mermehr kann es mir einfallen, irgend ein Beispiel dieser
208 947 598 1004 Art heranzuziehen.
309 1004 1428 1060 Hier aber, wo Beethoven die Weisen fremder Na¬
206 1066 1423 1122 tionen bearbeitet, wage ich, auch dem unsterblichen Classi¬
208 1130 1430 1180 ker gegenüber es auszusprechen, dass sein gewohnter Kunst¬
217 1196 1429 1248 styl nicht dem Geist des schlicht und tief empfundenen
215 1242 1427 1299 Volksliedes entsprach. — Ich wage es, eine im Geschlecht
214 1299 1436 1364 bleibende Harmonisirung zu versuchen, ohne Figuration, mit
210 1373 1433 1419 einfachen leitereigenen Accorden. Ich thue es mit Wider¬
209 1426 1438 1482 streben, weil ich keineswegs Musiker von Fach bin, und
209 1489 1435 1539 überdiess weil ich mir sagen muss, dass die Fesseln des
208 1547 1431 1603 Grundbasses einem Jeden anhaften, der unterm Einfluss
209 1605 1432 1668 europäischer Musik herangewachsen ist, und ich desshalb
214 1670 1428 1723 nicht daran zweiffe, dass auch in diesem Beispiel der Ac¬
213 1724 1432 1779 cord der Ober-Regnante d0 zuversichtlicher angewandt wer¬
207 1787 446 1836 den dürfte.
322 1910 1431 1968 1) Sie kommen zwar vor, aber doch nur äusserst seiten. Um nur ein Bei¬
207 1955 1426 2004 spiel, welches wenigstens den Zwiespalt andeutet, anzuführen, erinnere ich an des
216 1990 1426 2052 Trauermarsch der As-dur Sonate von Beethoven. Der Marsch geht in As-moll.
212 2041 1423 2090 Voll tiefer Bedeutung tritt das ges} im b0-Klang ab und zu ein, statt des weit häu¬
210 2092 368 2141 figeren g.
