1502 2450
65 659 1261 715 I. Verwandtschaft der Tonsysteme. Modulationsordnung.
148 747 1282 811 Als Moment der nahen Verwandtschaft zweier Tonsy¬
51 802 1274 860 steme hat man stets das Vorkommen identischer Accorde an¬
47 874 1282 931 gesehen. So lange wir diese Basis anerkennen, werden wir
54 922 1283 987 nur in so fern von den hergebrachten Lehren abweichen,
45 986 1285 1037 als sämmtliche Accordklänge der reinen Tongeschlechter in
53 1044 1274 1106 andere Beziehung zum Haupttone des Systemes gestellt sind,
49 1106 1283 1155 und für alle im tonischen Gebiet gefundenen Gesichtspunkte
52 1163 1289 1218 sogleich der unmittelbare Gegensatz für das phonische sich
49 1227 331 1283 ergeben wird.
143 1282 1281 1347 Je zwei tonische, oder je zwei phonische Accordklänge,
54 1348 1282 1395 oder Tonsysteme, wollen wir fortan homonome Klänge, oder
53 1403 1294 1450 Tonsysteme nennen. (ton. c und ton. g sind homonome
53 1466 1279 1523 Systeme, c+ und g+ homonome Klänge, ebenso c0 und e}0 ho¬
56 1530 1280 1580 monome Klänge). — Je einen tonischen und phonischen
56 1588 1282 1643 Klang dagegen nennen wir antinom (c+ und g0 oder c0
53 1650 1277 1695 und f+ sind antinome Klänge). — Diese Bezeichnung wen¬
57 1707 1291 1762 den wir auch für die Beziehung zwischen Accordklängen
60 1778 1280 1819 und Tonsystemen an. Demnach wird ohne Weiteres verständ¬
59 1827 1289 1884 lich sein, dass ein jedes System drei homonome und zwei
54 1890 785 1940 antinome consonante Klänge besitzt.
152 1947 1288 1997 Die nächste Verwandtschaft werden wir offenbar in den¬
61 2009 1282 2067 jenigen Tonarten finden, deren Tonica oder Phonica in den
53 2066 1285 2124 gegebenen Systemen bereits Klangvertretung finden. Daraus
58 2133 1289 2181 ergiebt sich, dass jede Tonart mit zwei homonomen und zwei
56 2186 764 2252 antinomen verwandt ist, und zwar
