1502 2450
555 123 779 172 199
103 339 1212 391 2. Combinatorische Untersuchung aller Tonsysteme.
141 466 1276 514 Um der vollendeten Symmetrie willen, in Schrift und
54 524 1279 579 Tastatur, wollen wir von dem Tone d = 1 ausgehen, und
55 581 790 636 daher folgende Tonreihe betrachten:
147 723 1283 772 In der nachfolgenden Zusammenstellung sind neben den
53 780 1278 844 Leitern sogleich die Klänge, die in denselben enthalten sind,
56 843 1283 894 dargestellt; in den ersten drei Kolumnen die Töne d, g, a,
54 903 1285 981 jenachdem sie ton. oder phon., alsdann die vier Töne es{, fis},
50 991 1282 1036 b{ und cis}, jenachdem sie durch reine Dreiklänge vertreten
52 1058 1286 1107 sind, oder nicht, endlich in der letzten Kolumne: die im
44 1118 967 1171 System vorkommenden dissonirenden Gebilde.
141 1178 565 1243 Mit den Haupttönen
51 1358 1277 1411 sind je 4 andere Töne zu verbinden, die mit d nach oben
51 1419 1273 1466 oder unten terzverwandt sind. — Dadurch entstehen 5 Clas¬
47 1477 1287 1531 sen von Systemen, in nachfolgender symmetrischer Ordnung:
