1502 2450
635 100 829 156 197
70 207 1310 260 dulation in die antinome nächst verwandte Tohart veranlasst
75 268 1301 338 (d f a} in ton. c und g h} d} in phon. e}). In höherem Grade
74 341 1297 395 würden wir hier, bald eine Modulation nach f-dur oder phon.
68 404 1314 460 g, oder b{-dur u. s. w. zu Hören glauben. Das Prinzip der
73 466 1302 515 nächsten Verwandtschaft verstösst mithin gegen den über¬
68 530 1310 580 mässigen Umfang eines Systemes und zudem erreichen wir
71 587 967 636 dasselbe durch den Begriff der Modulation.
159 643 1308 699 Die vorliegende Tongruppe gestattet zum Beispiel die
66 706 218 764 Folgen
76 956 1316 1011 und das d im letzten Accord würde gewiss als d} aufgefasst
66 1018 1089 1076 und intonirt werden, ebenso es{ im zweiten als es.
165 1093 1307 1139 Noch von einem andern Gesichtspunkte aus bildet das
69 1147 1309 1202 vorliegende Material von 11 Tönen kein einheitliches
70 1203 1301 1259 System. Der Ton c, tonisch und phonisch, bildet den Mit¬
69 1266 1306 1314 telpunkt der Klangmassen; also nicht ein einheitlicher, un¬
71 1331 1305 1379 zweideutig in der Mitte liegender Klang. Ebenso wie c
76 1394 1309 1451 sind auch f und g doppelt als Klänge vertreten, tonisch
65 1450 364 1507 und phonisch.
166 1507 1304 1571 Suchen wir also das Gebiet möglichst zu beschränken,
69 1571 1305 1612 und in ein System nur Töne zu fassen, die nicht eine Mo¬
69 1627 1297 1679 dulation nothwendig zur Folge haben, so erschiene es sach¬
77 1690 1303 1747 gemäss, gewisse Klänge als Bestandtheile des Systems hin¬
69 1746 1312 1802 zustellen, und Combinationen verschiedener Accordklänge zu
78 1810 323 1859 untersuchen.
174 1867 1308 1919 Wir erreichen aber unseren Zweck einfacher, wenn wir
71 1930 1302 1973 den umgekehrten Weg einschlagen, verschiedene Combina¬
75 1986 1313 2041 tionen der vorliegenden Tonmassen zusammenstellen und die
79 2045 1301 2100 in jeder einzelnen gewonnenen Klänge untersuchen. Dabei
73 2099 1304 2163 beschränken wir uns aber auf je 7 Töne; indem wir nur
77 2179 1300 2235 des{ oder d, es{ oder e}, u. s. w. in eine Gruppe aufnehmen.
