1502 2450
664 132 948 197 184
515 274 1108 339 4. Verwandtschaftsordnung.
298 370 1437 428 Fassen wir jetzt zum Schluss die Bedeutung und den
192 435 1125 484 Nutzen der vorliegenden Tabellen zusammen:
297 499 1438 556 Nachdem der Bereich der Töne, die überhaupt in allen
195 579 1426 620 mit ton. c und phon. e} direkt verwandten Systemen vor¬
201 635 1432 692 kommen können, festgestellt und bis auf ein möglichst ge¬
202 684 1434 738 ringes Maass ohne Willkühr dadurch reducirt worden, dass
199 746 1440 798 Tonica und Phonica nur in einer einzigen Stimmung gedacht
198 803 1428 859 wurden, nahmen wir zwei Arten der Verwandtschaft an,
204 867 1430 915 die der Parallelität und die der Reciprocität, welche beide
198 931 1442 987 niemals gleichzeitig zwischen irgend zwei Tonsystemen bestehen
205 979 1443 1036 konnten. Eine jede dieser Arten war aber noch verschieden
207 1043 1434 1105 je nach der Bedeutung der Accorde in Bezug auf die To¬
200 1099 577 1156 nica und Phonica.
311 1170 1444 1220 Gehen wir davon aus, dass die Verwandtschaft allemal
200 1227 1444 1275 dann eine nähere sein wird, wenn Hauptklänge eines Sy¬
200 1298 1449 1339 stemes den Verwandtschaftspunkt bezeichnen, so lassen sich
211 1348 1444 1404 verschiedene Kategorieen aufstellen. Wir werden sehen,
213 1403 1446 1453 dass im Allgemeinen die parallele Verwandtschaft eine
201 1459 1436 1510 engere ist zwischen homonomen Systemen, während um¬
202 1532 1446 1580 gekehrt die reciproke Verwandtschaft antinome Systeme
210 1579 1440 1635 enger mit einander verbindet, aus dem bereits pag. 168 an¬
202 1651 1447 1700 geführten Grunde. Diese Behauptung kann zwar bestritten
212 1699 1454 1748 werden, so dass beispielsweise Jemandem c-dur näher mit
211 1770 1447 1828 phohisch e} verwandt schiene, als mit g-dur. In der That
209 1827 1442 1876 ist ja der Unterschied zwischen c- und g-dur ein bedeu¬
205 1883 1450 1939 tenderer als der zwischen Paralleltonarten, aber weder die
212 1947 1446 1995 blosse Identität der Klänge noch deren Anzahl ergiebt ein
204 2004 1442 2062 hinreichendes Kriterium zur Bestimmung der Verwandtschaft,
212 2067 1445 2115 es muss die Bedeutung der einander parallelen oder reci¬
205 2129 1444 2180 proken Klänge berücksichtigt werden. Nehmen wir für die
207 2179 1417 2229 Bedeutung der Klänge im Tonsysteme folgende Reihe an:
