1502 2450
762 114 961 171 262
301 218 1415 268 Wir sehen hier die Combination eines Dominantsepti¬
192 291 1257 348 menaccordes über c = c — e — g — b = c+ + f0
189 733 1433 803 und eines Regnantseptimenaccordes unter f=g—b—des{—f
190 803 427 869 = c+ + f0
294 1235 1421 1286 Beide Septimenaccorde gehen gleichzeitig nach e0 über 1).
301 1291 1428 1341 Auch die verminderten Septimenaccorde können als Vor¬
194 1354 1437 1403 halte behandelt werden. Alsdann beharrt der eine der beiden
192 1411 1425 1459 Dissonanzklänge, während der andere vorgreifend fort¬
191 1467 377 1524 schreitet
286 1827 1438 1876 Der Schritt a+ — d0, und resp. g0 — d+ ist eine
193 1890 1425 1948 vorgreifende Folge, weil der vermittelnde Klang d+ resp. d0
299 2010 1432 2059 1) Man vergleiche Hauptmanns Darstellung § 238. Sein Prinzip, die
193 2059 1430 2099 Bestandtheile einer gegebenen Dissonanz allmählig und einzeln übergehen zu
198 2099 1431 2139 lassen, führt ihn zu dem Resultat, dass die Auflösung des Nonenaccordes durch
196 2140 1425 2180 eine ganze Reihe schwerverständlicher Harmonieen und Dissonanzen vermittelt
195 2180 300 2228 werde.
