1502 2450
620 124 769 188 189
161 780 617 834 β) Nur 1 Ton gemein:
149 1274 1285 1323 Nur noch einige Schlussworte über die Wechselsysteme:
58 1331 1281 1412 Tab. A sub 6 oder VI combinirt c-dur mit ges{ und fis}-
61 1412 1285 1459 dur. Es lohnte wohl der Mühe mit eingeübten Sängern
59 1467 1284 1517 den Versuch zu machen, ob beim Gesang folgender Klang¬
53 1531 1287 1579 folgen wirklich die Intonation um $$MATH verändert ist. Mög¬
54 1586 1286 1643 lich, dass bei der Schnelligkeit des Ueberganges doch noch
57 1646 1293 1699 die Erinnerung an die absolute Tonhöhe des ersten Accordes
54 1707 1293 1757 der Art wirke, dass die Intonation nicht nach Maassgabe
60 1767 1291 1818 der unmittelbaren Verwandtschaft sich einander folgender
60 1826 420 1892 Klänge geschehe:
