1502 2450
767 89 945 150 198
198 194 1436 253 Helmholtz verfährt bei seiner „rationellen Construction
198 258 1424 309 der Tonleiter” ebenso und begründet solches historisch. Er
194 313 1432 379 meint 1), die Europäer seien dem Vorbilde der Griechen ge¬
198 376 1428 428 folgt, und haben den halben Ton $$MATH als engstes Intervall
200 433 1426 490 der Leiter zugelassen. Indess glaube ich doch, dass auch
196 497 1433 549 hier sich eine rationelle Begründung aufstellen lässt. Durch
200 562 1428 614 Aufnahme eines Halbtones es{, e} z. B. tritt ein innerer Wi¬
193 635 1425 683 derspruch in den Bau der Leiter. c und g behaupten sich
198 691 1426 747 im Quintintervall mit gleichem Gewicht. Nur wenn es} oder
200 776 1418 837 e} genommen wird, gewinnen wir eine präcise Klangvor¬
193 848 1425 900 stellung. Beide, es{ und e}, hinter einander sind gleichsam
199 907 1427 956 eine contradictio in adjecto, denn es wird c Tonica und [To¬
205 971 1429 1021 nica], g Phonica und [Phonica]. Die c-dur-Tonleiter mit ein¬
193 1036 1431 1087 geschobenem es{ hat keinen klaren Sinn, und wenn solch ein
199 1098 1417 1148 Gang in einem Kunstwerk vorkommt, so wird nicht es{, son¬
191 1169 1428 1223 dern dis}} verstanden und geschrieben werden müssen. Die
197 1244 1259 1380 Accordfolge $$GRAPHIC involvirt eine Modulation.
300 1371 1425 1419 Aus demselben Grunde hat die sog. chromatische Lei¬
197 1433 1431 1483 ter keinen bestimmten Charakter. Sie ist niemals einem
209 1490 1429 1539 Tonsysteme zu Grunde gelegt worden. Beiläufig will ich
204 1546 1432 1628 bemerken, dass die chromatische Leiter ohne fis} oder ges{
198 1635 1416 1684 noch einigermaassen c als Mittelpunkt der Tonmasse erken¬
195 1689 406 1741 nen lässt.
309 1746 1421 1806 Bleiben wir innerhalb der so eben besprochenen Ein¬
204 1816 1424 1869 schränkung, so erhalten wir siebenstufige Tonleitern, 16 an
201 1865 1425 1924 der Zahl, von denen wir sogleich mehre, als den Grundsätzen
196 1938 1424 1981 eines Tonsystems nicht entsprechend, ausschliessen werden.
295 2073 779 2124 1) Helmholtz, l. c. p. 422.
