1502 2450
780 130 937 188 232
317 234 1448 282 Mit vorstehender Uebersicht sind alle Deutungen keines¬
216 304 1452 347 weges erschöpft, und man wird einige Willkühr in der Auf¬
213 354 1450 403 fassungsart rügen wollen. Beispielsweise ist oben der zweite
216 412 1450 477 Accord = g+ + f+ gesetzt. Warum nicht = d+ + f+
216 482 1451 540 oder = d0 + f+ u. s. w. Gewiss sind a priori alle diese
220 533 1455 587 Auffassungen möglich; wir richten uns aber vor Allem nach
213 594 1453 643 der Generation der Töne. d ist im ton. c-Systeme Vertreter
209 655 1445 716 von g+ ebenso unten bei 2; das d} Vertreter von a}0.
214 723 1454 787 Diesen Accordklängen verdanken die Töne d und d} ihre
213 794 1454 851 Entstehung. Welche von den Auffasungen die richtige, wird,
214 852 1445 898 wie schon erwähnt, durch den Klang des auflösenden Accor¬
218 907 1457 963 des entschieden, zum Theil auch dadurch, dass das Wesen
214 971 1459 1024 der Folge durch Fortlassen einzelner Töne nicht wesentlich
214 1035 607 1092 geändert erscheint.
309 1091 1449 1147 Einige der vorstehenden Septimenharmonieen sind, so¬
218 1155 1463 1203 viel mir bekannt, in der Theorie der Musik bisher nicht
219 1216 1454 1267 unterschieden worden, weil man die Stimmung des Tones d,
213 1290 1454 1332 oder d} nicht berücksichtigte. Nennen wir die erste Kolumne
222 1339 1463 1404 T., die zweite P., so sind T. 2 und P. 3 sowie umgekehrt
209 1403 1454 1451 T. 3 und P. 2 keineswegs identisch. — Vor allem aber, wie
209 1465 1463 1524 schon früher besprochen ward, P. 5 und T. 7, sowie P. 7
215 1523 1460 1572 und T. 5. Man vergleiche die unmittelbare aus dem Bau
210 1580 1458 1627 der Tonsysteme entnommene Klangbedeutung dieser
215 1636 966 1691 scheinbar einander gleichen Gebilde.
318 1699 1455 1748 Statt einer gleichzeitigen zweifachen, könnte auch eine
218 1755 1452 1810 dreifache Klangbestimmung statt haben, nie aber eine ein¬
215 1819 1452 1875 fache. — Doch wird das Gehör stets geneigt sein, die ein¬
209 1876 1452 1932 fachsten Beziehungen herauszusuchen. Unzweifelhaft drei¬
208 1939 1359 1989 fache Klangvertretung enthalten z. B. die Dissonanzen
311 2139 1448 2197 Der letzte Grund hiefür liegt darin, dass die 3 dreimal
213 2209 1446 2267 als Faktor in den Schwingungszahlen enthalten ist, nämlich
