1502 2450
672 113 906 163 90
194 218 1439 268 Ich darf mir wohl die Uebersetzung dieser Namen in die
189 275 1442 326 hergebrachten des Mollsystems ersparen. Der Leser wird
189 353 1441 396 stets unter a}0 z. B. die Combination d} — f — a}, von rechts
195 415 1433 468 nach links oder von der Höhe nach der Tiefe hin gedacht,
192 467 658 515 sich vorstellen müssen.
287 531 1437 584 Alle fünf Klänge sind von wesentlicher Bedeutung für
188 582 1440 633 die Umgränzung eines jeden Systems. Von einem solchen
188 643 1437 692 verlangen wir, dass bei einer beliebigen Aufeinanderfolge
189 699 1435 752 seiner Bestandtheile niemals die Vorstellung eines andern
184 763 1431 811 Systems lebhafter werden kann, als die des vorgeschriebenen.
187 818 1434 868 Solches geschieht aber, sobald wir einen der obigen Töne
185 873 1432 948 fortlassen. Zwar können wir einen Gang bilden ohne f und h}:
290 1226 1424 1290 Wenn wir aber hier das Gefühl haben in c-dur zu sein,
179 1299 1425 1347 so liegt das vielmehr daran, dass die vieldeutige Hingehö¬
185 1347 1439 1405 rigkeit dieses Accordes nicht angedeutet worden ist, und
197 1404 1442 1458 wir deshalb dem tonischen c-klange auch die Bedeutung
187 1475 1437 1524 einer Tonica zuerkennen. Nehmen wir ferner statt e} im
186 1530 1431 1581 obigen Gange f, so ist zwar c als Schwerpunkt des Syste¬
182 1596 1448 1644 mes bestimmt, aber zweideutig. Tonisch c und phonisch c
186 1651 1441 1713 kann gemeint sein. Ganz anders, wenn wir den Ton h} in
186 1720 1059 1771 den obigen Gang ohne f —, aufnehmen:
279 2059 1426 2124 Hier haben wir zwar ebenfalls deutlich das Bewusstsein,
187 2116 1426 2171 dass c Tonica ist, trotzdem aber lehrt ein einfaches Expe¬
184 2187 1429 2244 riment, dass diese vier Töne c}, e, g, h} nicht hinreichen das
