1502 2450
532 115 819 171 267
159 363 1296 411 In dieser Weise entstünden weiter die unmittelbar ver¬
61 419 473 476 ständlichen Folgen:
165 882 1297 946 Jede neue Dissonanz löst hier die vorhergehende auf,
50 946 789 1010 bedarf aber selbst einer Auflösung.
162 1019 1301 1076 Einen wesentlichen Unterschied bemerken wir in den
58 1082 1310 1131 beiden vorstehenden Reihen. Die erste, absteigende, wird
60 1138 1305 1195 befriedigender phonisch abgeschlossen, im vorliegenden Falle
55 1201 1304 1260 mit c0 und nicht mit f+. Die andere, aufsteigende, wird
53 1271 1301 1315 umgekehrt beruhigender tonisch schliessen mit e+ und nicht
54 1314 221 1372 mit h0.
161 1394 1312 1449 Man wird aber leicht finden, dass statt e+, auch b+
54 1459 1296 1505 befriedigend schliesst. Diesen Schluss in b+ nach der auf¬
53 1515 1033 1571 steigenden Reihe erkläre ich folgendermaassen:
54 2190 1318 2244 die letztere Auflösung ist befriedigender, weil f0 bereits
