1502 2450
643 114 719 172 75
66 218 1305 275 den, also in Beziehung auf diese Tastatur sowohl, als auch
69 281 1307 331 auf die für alle Instrumente gebräuchliche Notenschrift blos
67 341 1295 404 der Ton d symmetrisch liegt, so bietet nur der hier ange¬
65 397 1300 451 wandte Schlüssel eine vollkommene Symmetrie dar; auf und
65 463 1301 508 ab sind sämmtliche Stufen gleich gross. Denkt man sich
62 515 1298 563 einen Spiegel senkrecht auf der Ebene des Papiers und pa¬
63 585 1295 628 rallel den Notenlinien aufgestellt, so ist eine jede der bei¬
69 635 1290 684 den Cadenzen das vollkommene Spiegelbild der anderen.
71 691 1296 747 Nicht blos die Tonzeichen, auch sämmtliche Schwingungs¬
63 755 857 804 zahlen treten im Bilde richtig hervor.
162 811 1297 867 Sobald wir in der ersten Cadenz den letzten Accord
63 876 1302 925 nicht in die Quintenlage (d. h. die Quinte in den Discant)
68 930 1295 995 setzen, erscheint das Gegenbild meist nicht befriedigend;
61 999 1300 1051 zwar deshalb nicht dissonirend, aber man empfängt nicht
62 1051 1290 1100 den Eindruck eines vollkommenen Schlusses. Folgende Ca¬
66 1115 291 1164 denz z. B.
61 1331 881 1396 würde im analogen Gegensatze heissen:
70 1555 1300 1610 und die Quartsextenlage des letzten Accordes lässt das Be¬
68 1620 1309 1673 dürfniss eines weiteren Schlusses empfinden. So lange wir
74 1675 1305 1731 keine leiterfremden Töne anwenden, muss allemal für den
76 1746 1302 1811 Ganzschluss die [Tonica] a} im Bass liegen, während im
70 1812 1297 1869 Discant keineswegs die Phonica e}, sondern ebensowohl
74 1883 1290 1940 die Töne a} und c sich befinden können. Diese Thatsache,
74 1947 1294 1998 die, soweit ich auch nach anderer Personen Urtheil anneh¬
70 2012 1297 2061 men darf allgemein anerkannt wird, ist offenbar hauptsächlich
85 2067 1302 2114 Veranlassung zur Versetzung der phonischen Leiter um eine
76 2122 1299 2179 Quint gewesen. Es ist der Sinn für die Tonalität, der sich
77 2187 470 2251 hier geltend macht.
