1502 2450
569 123 835 181 129
83 236 1314 292 der andere h} — d} — f ebenso einfach sich ergiebt, und
81 300 1310 348 einer ganz anderen Deutung unterliegt. Die Schwingungs¬
77 363 1306 419 zahlen des letzteren scheinen zwar complicirter zu sein,
77 427 1307 492 denn h}:d:f = 45:54:64, während h}:d}:f = 135:160:192.
77 483 1316 539 Wir haben aber früher schon gesehen, dass beide Gebilde
80 551 1322 596 einander einfach reciprok sind, sie sind wie der Dur- und
80 607 1033 660 Molldreiklang durch eine Formel ausdrückbar
176 782 1317 844 Es wäre von grossem Interesse zu erproben, ob auf
74 856 1313 907 einem Instrumente mit reiner Stimmung in der Klangfolge
84 1051 1327 1099 das letzte Intervall als phon e} mit Grundbass a} aufgefasst
83 1107 1310 1163 wird, namentlich wenn die enharmonische Verwechslung vor¬
82 1170 1165 1219 her wirklich ausgeführt worden, also die Klangfolge
77 1435 267 1492 ertönt 1).
189 1491 1321 1547 Ein wichtiges Unterscheidungsmittel besitzen wir also
78 1566 1324 1611 zwischen den tonischen und phonischen Paralleltonarten, die
80 1611 1322 1667 Hauptaccorde der einen fehlen in der anderen. Ihre Verwandt¬
84 1674 1336 1726 schaft ist aber vor allem dadurch gekennzeichnet, dass die
81 1737 1320 1795 Septime der Dominante g, d. h. f, im phonischen System
87 1787 1326 1844 enthalten ist, und umgekehrt die Unterseptime der Reg¬
78 1871 1334 1923 nante a}, nämlich h} ist in derselben Stimmung im tonischen
82 1922 588 1971 Parallelsystem enthalten.
191 1978 1327 2035 Je die Leitton-Systeme folgen jetzt. Auch diesen fehlt
86 2050 1320 2093 nur ein Hauptaccord und zwar der unwesentlichere. Wir
198 2170 1338 2220 1) Die Physharmonica erscheint zu dem Versuche nicht geeignet, weil der
91 2218 1056 2260 Combinationston C, zu deutlich ist, und als Grundbass erscheint.
