1502 2450
556 122 753 171 51
156 224 1315 284 2. Im umgekehrten Falle, d. h. wenn der Zähler des hö¬
58 278 1317 335 heren Tones b, oder in der anderen Schreibweise der Nenner
64 371 1307 451 des tieferen, $$MATH, eine Potenz von 2 ist, findet eine Coïncidenz
56 465 1318 524 statt zwischen ton. Gr. und oberem Intervallton, und andererseits
61 522 1306 580 gleichzeitig zwischen ph. Ob. und tieferem Intervallton. Hierher
55 627 1035 683 gehören wiederum die Octave 1:2 = $$MATH,
280 739 1043 820 dann: die Quarte 3:4 = $$MATH,
317 859 1037 940 die kleine Sexte 5:8 = $$MATH,
229 984 1248 1060 der grosse Halbton 15:16 = $$MATH. u. s. w.
157 1083 1300 1147 In all diesen Intervallen, wird die Anzahl von Octaven,
57 1149 1309 1196 um welche die entsprechenden Töne von einander entfernt
58 1203 1298 1252 sind, durch den Exponenten der Potenz von 2 bestimmt.
64 1258 1305 1315 z. B. der ton. Gr. der kleinen Sexte 5:23 liegt 3 Octaven
58 1324 1299 1369 vom oberen, und der ph. Ob. eben soweit vom unteren In¬
61 1379 465 1436 tervalltone entfernt.
169 1459 1301 1507 Wenn die soeben vorausgesetzte Beziehung in den
62 1516 1308 1570 Schwingungsverhältnissen nicht statt hat, so stimmen weder
63 1579 1310 1627 ton. Gr. noch ph. Ob. mit irgend einem der Intervallbe¬
62 1636 459 1700 standtheile überein.
157 1718 1301 1779 3. Setzen wir voraus, dass die Schwingungszahlen a
66 1780 1306 1834 und b nur die Faktoren 2, 3 oder 5 enthalten, so folgt
63 1835 1308 1891 ferner: Bei allen Intervallen, in denen a und b die Faktoren
69 1890 1308 1947 3 und 5 resp. nur einmal enthalten, und keiner der Töne
69 1957 1298 2011 alle beide oder einen derselben zwei oder mehrmal, kann das
67 2011 1308 2068 Product ab nur eine Potenz von 2 multiplicirt mit dem Product
70 2075 1302 2123 $$MATH enthalten. — d. h. Der tonische Grundton er¬
62 2142 1303 2194 gänzt das Intervall zum Durdreiklang, der phoni¬
66 2187 1303 2249 sche Oberton zum Molldreiklang. Hierher gehören die
