1502 2450
525 114 779 172 165
148 218 1285 267 Betrachten wir zunächst die Verwandtschaft homonomer
62 281 620 332 Systeme auf Tab A und B.
145 355 1278 404 Die vorliegenden beiden Tabellen sind zu einander voll¬
61 424 1285 469 endet symmetrisch. Die zwischenliegende Reihe der Zahlen
62 475 1279 524 soll auf den Ausgangspunkt der Systeme hinweisen, den wir
63 545 1287 594 unter 0 finden. Hier sind identische (homonome) Systeme
63 596 1274 644 einander gegenübergestellt. Die Verwandtschaft der Paral¬
59 651 1277 702 lelität entspringt aus der Identität beider Geschlechter, und
66 721 1284 763 vermindert sich in dem Maasse als wir in Quint-Schritten
57 771 1288 819 vor- oder rückwärts fortschreiten: sub I oder 1 giebt es je
59 827 1279 884 drei identische Klänge, sub II u. 2 je einen identischen Klang.
57 891 1279 939 Man sieht leicht, dass bei dem folgenden Quintschritte auch
57 948 1287 1003 diese Identität verschwinden würde, daher mit ton c weder
62 1011 1287 1067 ton. es noch ton. a, und mit phon. e} weder phon. cis} noch
61 1090 1273 1147 phon. g} irgend einen Klang mehr gemein haben würde.
61 1147 1272 1195 An allen vier bezeichneten Orten sehen wir aber eine reci¬
63 1203 1281 1261 proke Verwandtschaft beginnen, wenn wir die combinirte
61 1266 1281 1315 Tonart um ein Komma erhöhen und resp. erniedrigen, statt
54 1335 1274 1397 ton. es — ton. es{ (erhöht) statt ton. a, ton. a} (erniedrigt),
46 1395 1270 1466 und analog Tab. B statt phon. cis} phon. cis}} (erniedrigt),
46 1475 1269 1523 statt phon. g} phon. g (erhöht), entgegensetzen. In all die¬
50 1538 1286 1587 sen Systemen findet sich je ein Accordklang, der antinom zu
46 1606 1275 1643 einem Bestandtheil des Ausgangssystems sich verhält: — sub 3:
138 2131 1275 2178 Solche Systeme, bei welchen durch enharmonische Ver¬
51 2196 1286 2236 wechselung eine neue Art Verwandtschaft beginnt, wollen
