1502 2450
780 123 934 180 46
206 227 1443 284 heit ausgehend betrachtet in einer Rückwärtsbildung bestehen
197 291 1416 347 müssen. Auf die Einheit c bezogen, ist der Durdreiklang
201 554 1438 597 der Molldreiklang derselben Einheit c, als einer nega¬
206 610 1343 659 tiven, als Grundton und Terz bestimmender Quint, ist
201 875 995 931 was dasselbe ist, als wenn wir setzen
307 1138 1438 1189 Im Durdreiklange ist die Einheit das positiv Bestim¬
202 1204 1447 1252 mende, im Molldreiklange ist sie das positiv Bestimmte.
306 1259 1044 1317 Nach unserer Auffassung ist analog
352 1346 1320 1403 c — e} — g ein tonischer c-Klang also = c+
350 1408 1275 1458 f — as{ — c ein phonischer c-Klang = c0.
302 1475 1431 1520 Mit demselben Recht, wie wir oben das Prinzip der Ver¬
206 1531 1445 1588 wandtschaft der Klänge verallgemeinerten, und dasselbe nicht
199 1594 1438 1650 von der reellen Existenz der Obertöne abhängig sahen,
209 1651 1442 1707 müssen wir jetzt auch den Mollaccorden in allen Fällen ihre
200 1722 1432 1771 phonisch consonirende Eigenschaft zuerkennen. Die ur¬
198 1778 1432 1826 sprünglich aus physiologisch begründeten Phänomenen ent¬
203 1842 1438 1893 wickelte Auffassung wird jetzt bei den Mollaccorden sogar
209 1890 1445 1949 verständlicher, denn der phonische Oberton existirt reell,
202 1955 1438 2004 der tonische existirt nicht, oder, — um an die in der
208 2013 1440 2067 Optik gebräuchlichen Begriffe zu erinnern, — der tonische
199 2074 1447 2122 Grundton ist ein virtueller, der phonische Oberton ein
203 2132 1438 2187 reeller Klang. — So giebt andererseits der tonische Drei¬
193 2204 1430 2253 klang c—e}—g einen reellen h}-Klang zu erkennen, denn c —
