1502 2450
765 115 941 164 294
190 187 1420 275 gegen Gestalten und Begriffe, die, wenn auch mit Irrthum
191 275 1413 333 behaftet, doch Jahrhunderte hindurch sich behauptet haben,
195 330 1426 388 dieser Kampf ist kein leichter. Um so mehr fühle ich mich
190 395 1420 443 hier zum Schluss gedrungen, wegen der Form meiner Dar¬
190 460 1431 515 stellung den Leser nochmals um Nachsicht zu bitten, damit
186 506 1435 564 in gerechter Weise die Sache, soweit sie ihren Werth und
190 571 1315 627 ihre innere Wahrheit selbst bezeugt, gefördert werde.
