1502 2450
548 122 755 179 291
78 226 1309 279 und 6 verständlich. Ich leite alsdann die Intonation aus der
92 284 1299 332 Verwandtschaft her wie sie Seite 164, Tab. A sub II dar¬
86 347 1309 411 gestellt ist. Nach c-dur folgt, durch drei Schritte vermittelt
76 411 1311 475 gedacht, unmittelbar cis}0 und dieses wird nachträglich
72 474 442 532 durch die Folgen
67 718 1315 767 gerechtfertigt. Einen ähnlichen Fall fingirten wir schon
74 771 1302 819 auf Seite 155. Was soll aber der vierte Takt? In Erin¬
69 826 1317 875 nerung an die Klänge von Takt 2 und 3, wird man nach
70 891 1309 947 dem Accord cis}0 vielleicht eis}} — gis} — cis} = cis}+ glauben
70 955 1302 1004 zu hören. Dann wäre vorstehend nur eine bequeme Schreib¬
71 1018 1314 1065 weise gewählt, und dagegen liesse sich kaum etwas anderes
71 1075 1306 1123 einwenden, als dass der Klang des{+ entschieden weit näher
67 1159 1254 1212 mit c+ verwandt als cis}+. (s. Seite 164 Tab A sub 4).
163 1211 1297 1256 Nun aber wird des}+ durch den ersten Takt und über¬
75 1275 1309 1326 diess durch Alles Vorhergehende gerechtfertigt, denn das
69 1338 1304 1387 Stück bewegt sich in c-moll. Die Frage, die ich hier un¬
74 1395 1301 1444 beantwortet lassen möchte, ist diese: kann in vorstehenden
67 1451 1304 1507 Zeilen der 2. und 3. Takt, noch als vorbereitend zum 5. er¬
63 1514 1305 1564 fasst werden, namentlich wenn der 4., enharmonisch mit
67 1573 1303 1627 2. und 3. verwandt, in Erinnerung an Takt 1 und früheres
65 1635 1302 1683 noch einmal dazwischen tritt? Ich bin geneigt, die Frage zu
66 1683 1300 1740 bejahen, und dann wäre die ganze Stelle, zwar nicht leicht
65 1759 1300 1803 verständlich, aber doch berechtigt. Dass der Theorie hier¬
60 1811 1237 1860 über zu entscheiden obliegt, das scheint mir, steht fest.
502 1955 872 2012 12. Schlusswort.
166 2059 1297 2108 Leider ist es mir nicht vergönnt, meine Untersuchun¬
69 2115 1299 2180 gen in der eingeschlagenen Richtung weiter zu verfolgen.
67 2172 1308 2227 Auch erkenne ich wohl, dass ein gründliches Studium der
