1502 2450
516 123 819 188 105
155 235 1283 284 Wird im Bass beim ersten Achtel statt b{ — g ge¬
59 306 1282 356 nommen, so sind wir eher geneigt, den Klang g+ zu er¬
66 355 1283 411 warten. Ueberhaupt finde ich, dass für den Ober-Regnant¬
55 420 553 476 klang sehr oft die Lage
49 644 764 707 am verständlichsten ist (s. p. 59).
154 715 1288 772 Interessant ist auch die Behandlung des Liedes: „O
54 779 1290 836 tröste mich Harfe, mit Tönen von Sorgen.” Die Melodie
55 843 1291 899 geht ganz rein im phon. d-Geschlecht, die Begleitung in
57 921 1285 971 g-moll, daher das unleidliche fis} erscheint. Zwar könnte
58 970 1283 1020 die Melodie durchweg in b{-dur behandelt werden, allein
59 1036 1293 1087 Beethoven beginnt und schliesst in g-moll, ganz dem Texte
54 1098 1290 1148 des Liedes gemäss, modulirt aber gleich beim ersten f in
58 1152 1292 1204 der Melodie nach b{-dur, obgleich der Accord d — f{ — a
53 1221 1284 1284 allein dem Geist des Ganzen entspricht, und das Nachspiel
54 1283 714 1346 endlich bringt noch fis} und cis}! —
147 1370 1283 1412 „Hin fahrt Frohsinn und Freuden” beginnt folgender¬
60 1410 238 1467 maassen.
57 1650 1302 1699 und Beethoven begleitet sie in f-dur. Käme das c nicht
61 1713 1292 1771 vor, so wäre sicher, dem Texte anpassend d-moll gewählt
54 1779 1289 1828 worden. Aehnliche Vorwürfe treffen die Harmonisirung der
63 1820 1288 1876 meisten andern irischen Melodieen, sobald sie nicht un¬
53 1883 1289 1939 zweifelhaft in dur gehen. Ganz besonders im Liede „Heim¬
62 1947 1293 1994 kehr nach Ulster”, welches rein in phon. c geht, und sehr
63 2002 1297 2059 oft den Ton es{ enthält, erscheint, sobald irgend möglich
58 2075 675 2147 der Leitton e} zur [Tonica] f.
152 2137 1292 2204 Ebenso oft dem Geist der Gesänge widersprechend, ist
56 2206 1290 2251 die Bearbeitung der „schottischen Lieder.” Auch von die¬
