1502 2450
778 106 861 156 38
201 211 1465 260 stand. Die Einheit, auf welche die beiden Bestimmungen
203 266 1451 324 in der zweiten Bedeutung sich beziehen, ist eine leidende:
196 331 1452 380 im Gegensatze des Habens der ersten, ist die zweite ein
194 394 1448 451 Gehabt-werden. Jenes spricht sich im Durdreiklange,
202 448 908 500 dieses im Molldreiklange aus”.
308 536 1457 587 „In diesem letzteren ist das Terzverhältniss zwischen
194 596 1441 635 dem mittleren und oberen Tone enthalten, und die Vereini¬
206 657 1447 707 gung beider Accordintervalle findet somit nicht im Grund¬
202 707 1449 757 tone, sondern im Tone der Quint statt. Im Durdreiklange
201 785 1451 835 c e} g ist c g Quint, c e} Terz; im Molldreiklange a} c e}
202 842 1448 891 ist a} e} Quint, c e} Terz. Da aber im letzteren für beide
201 900 1450 955 Bestimmungen das gemeinschaftliche Moment im Tone der
200 963 1443 1016 Quint enthalten, so wird dieser, als ein doppelt Bestimmtes
197 1019 1436 1084 negativ als doppelt Bestimmendes betrachtet werden können,
201 1083 1444 1131 oder als die negative Einheit des Accordes” wird der Dur¬
202 1139 1444 1191 dreiklang mit I — III — II bezeichnet, „so erscheint die
202 1203 1438 1250 Bezeichnung II — III — I für den Mollaccord nicht un¬
201 1258 400 1324 passend”.
303 1340 1449 1388 Nachdem nun Hauptmann im § 32 seines Werkes
195 1395 1437 1453 das Vorkommen der Dur- und Mollaccorde in der unendlich
207 1459 1437 1515 weit gedachten Reihe der Obertöne eines Klanges bespricht,
197 1514 1441 1570 dann auf die gegensätzlichen Proportionen, wie oben bereits
202 1579 995 1627 erwähnt, hinweist, fährt er fort § 34:
309 1668 1434 1717 „So wird die wesentliche Bedeutung des Molldreiklangs,
199 1715 1440 1763 unter jeder Art des Ausdrucks, wenn dieser selbst auf den
209 1771 1436 1827 wesentlichen Inhalt zurückgeführt wird, zum Vorschein kom¬
200 1836 1428 1900 men müssen. Wir verlassen aber gern,” heisst es nun wei¬
197 1890 1433 1947 ter, „diese Bezeichnung durch Zahlen wieder, die zwar ein
198 1955 1440 2003 interessantes Combinationsspiel gewähren, aber für die Natur
206 2010 1441 2076 der Sache keinen nähern Aufschluss bieten und den Begriff
199 2075 1431 2122 nicht erleichtern, ihn vielmehr immer nur verhüllt darstel¬
201 2131 1434 2188 len kann, denn dieser ist in weit einfacheren und directeren
201 2194 1431 2256 Bestimmungen enthalten, den allgemeinen der Einheit, ih¬
