1502 2450
692 106 963 173 134
228 220 1456 276 h} der Ton d für d} eintritt, wodurch der ton. g-Klang er¬
226 299 1469 347 scheint, der in phon. e}, wie wir sahen, nicht vorkam. Dafür
223 367 1464 412 fehlt jetzt ein d-Klang, wodurch phon. h} streng von der Pa¬
226 426 931 492 ralelltonart ton. g geschieden ist.
334 483 1460 539 Bedeutendere Umwandlungen sind erforderlich für die
234 554 1453 602 Modulation nach der unteren Quinte a}, d. i. nach der Un¬
230 611 1466 666 ter-Regnante, die wir als die Hauptseite des phon. Geschlechts
227 674 1457 746 erkannt haben. e}0 bildet die Hauptseite des phon. h}-Systems,
234 748 1454 796 in phon. a} hat er die untergeordnete Bedeutung einer Ober¬
226 810 1471 859 regnante, und die Hauptseite, der Unterregnant-Klang, muss
234 867 1468 932 erst neugebildet werden, d. h. der phon. d}-Klang, g} — b — d.
225 936 1461 988 Diese Umwandlung geschieht gerade wie auch vorhin bei
229 1002 1462 1051 der Modulation nach der Oberdominante an einem an sich
224 1067 1474 1113 dissonirenden Accorde: in ton. c verwandelt sich d — f — a}
227 1131 1469 1182 in d — fis} — a, hier in phon. e} der disson. Accord g — h} — d}
226 1203 1464 1252 in den consonirenden g} — b — d}. Aber die Septime des
224 1260 1461 1308 Dominantklanges d+, nämlich c ist schon vorhan¬
223 1331 1453 1376 den in c-dur, ebenso die Unterseptime e} des Unter¬
220 1395 944 1468 regnantklanges d}0 in phon. e}.
330 1913 1450 1964 Analog dürfen wir jetzt erwarten, dass die Haupt¬
227 1970 1461 2012 seite, nach welcher die Modulation der Musikstücke
227 2019 1466 2075 in Moll (welches nur ein verändertes phonisches Geschlecht
221 2082 1463 2138 ist) sich wenden wird, nicht die der oberen, sondern
222 2140 1458 2193 die der unteren Quinte sein wird. — Eine Modulation
229 2211 1456 2259 nach der nächstverwandten Durtonart, d. h. in die Parallel¬
