1502 2450
784 123 860 179 42
188 226 1438 283 Octave? — Bei Orgelpfeifen, die merklich von der reinen
193 290 1442 340 Stimmung abweichende Octavenobertöne haben, werden wir
198 359 1431 402 ebenso wenig diesen verstimmten Tönen einen nahen Ver¬
202 412 1439 466 wandtschaftsgrad einräumen wollen. Diese Beispiele deuten
196 468 1447 521 darauf hin, dass wir dem Prinzip der Verwandtschaft
190 524 1432 579 der Klänge, auf Grund reiner Obertöne, eine tie¬
189 587 1435 636 fere psychologische Bedeutung zuerkennen müssen.
293 650 1438 707 Kehren wir zur Betrachtung der Dreiklänge, wie Helm¬
187 723 1433 770 holtz sie giebt, zurück. „In einem Duraccorde c — e} — g kön¬
186 787 1441 841 nen wir g und e} als Bestandtheile des c-Klanges ansehen, aber
195 865 1439 923 weder c noch g als Bestandtheile des e}-Klanges, und weder
190 922 1391 977 c noch e} als solche des g-Klanges. Der Duraccord c —
194 1004 1429 1059 e — g ist also ganz eindeutig, er kann nur mit dem Klange
196 1051 1433 1107 des c verglichen werden, und deshalb ist c der herrschende
193 1115 1439 1164 Ton in dem Accorde, sein Grundton, oder nach Rameau's
189 1171 1429 1220 Bezeichnung, sein Fundamentalbass, und keiner der bei¬
190 1239 1435 1292 den andern Töne des Accordes hat das geringste Recht,
185 1290 750 1339 diese Stelle einzunehmen.”
294 1363 1430 1418 „Im Mollaccorde c — es{ — g ist g ein Bestandtheil
191 1435 1433 1492 des c- und des es-Klanges. Es ist also g jedenfalls
190 1499 1437 1548 ein abhängiger Ton. Dagegen kann man den genannten
183 1555 1436 1604 Mollaccord einmal als einen c-Klang betrachten, dem der
183 1611 1436 1668 fremde Ton es{ hinzugefügt ist, oder als einen es{-Klang, dem
193 1683 1433 1731 der Ton c hinzugefügt ist. Beide Fälle kommen vor. Es
188 1738 1423 1794 ist aber die erstere Deutung die gewöhnliche und vorwie¬
189 1803 1425 1866 gende. Denn wenn wir den Accord als c-Klang betrachten,
180 1859 1439 1909 so finden wir in ihm das g als dritten Partialton, und nur
186 1931 1434 1980 statt des schwächeren fünften Partialtones e} den fremden
188 1987 1425 2042 Ton es{. Fassen wir den Accord aber als es{-Klang, so ist
186 2067 1423 2123 zwar der schwache fünfte Partialton durch das g richtig
180 2122 1424 2183 vertreten, statt des stärkeren dritten, welcher b{ sein sollte,
178 2190 1426 2241 finden wir aber den fremden Ton c. In der Regel finden
