1502 2450
757 114 908 172 284
185 221 1431 271 auf Seite 245 bemerkt, zerfällt auch hier der consonente
187 278 1431 331 Dreiklang in zwei durch partielle phonische Obertöne und
188 331 981 386 tonische Grundtöne bestimmte Klänge.
296 388 1417 452 Mannigfach ist noch die Combination der Auflösungen
185 464 1416 507 in neue Dissonanzen. Eine Folge von Dominantseptimen¬
194 517 1418 572 accorden, ist, wenn auch musikalisch selten anwendbar, so
184 580 1415 633 doch unmittelbar verständlich durch lauter reine Quintschritte.
290 922 1422 976 Die neu eintretende Septime kann sofort ergriffen wer¬
192 986 1420 1036 den, ohne dass der Gang aufhört verständlich zu sein.
199 1043 809 1100 Das Gegenbild ist folgendes:
302 1387 1426 1444 Merkwürdigerweise kann, nach meinem Gehör, hier die
193 1460 1426 1515 neueintretende Septime nicht sofort ergriffen werden, ohne
199 1515 1426 1560 Beeinträchtigung des Verständnisses. Da jeder Dominant¬
201 1582 1422 1636 septimenaccord und jeder Regnantseptimenaccord eine toni¬
192 1641 1426 1691 sche und eine phonische Auflösung zulässt, ein jeder toni¬
196 1701 1422 1749 sche Accord aber durch Hinzufügung einer Septime wieder¬
195 1758 1425 1811 um eine tonische und eine phonische Auflösung, ebenso wie
198 1804 1416 1865 jeder phonische Accord, dem eine Septime unter dem phoni¬
201 1875 1425 1931 schen Oberton zugefügt wird, wiederum eine doppelte Auf¬
194 1924 1418 1981 lösung gestattet, so bietet sich eine unerschöpfliche Mannig¬
192 1987 1424 2036 faltigkeit von Fortschreitungen in Doppelklängen dar. Die
193 2044 1422 2099 Deutung der Septime ändert sich, jenachdem die Auflösung
193 2107 1419 2149 eine tonische oder phonische. Die phonischen Septimen¬
190 2164 1415 2227 harmonieen führen hinauf, die tonischen hinab, der anti¬
