1502 2450
791 98 931 157 54
206 203 1438 259 sich um eine consequente und logisch verständliche Begriffsbe¬
205 268 1437 316 stimmung, die zwar nie a priori, ohne ein durch das Gehör¬
207 337 1435 379 organ vermitteltes Urtheil, doch aber von feststehenden Prin¬
203 386 1446 436 zipien aus gewonnen werden kann. Treffend sagt Weitzmann:
213 443 1436 506 (Geschichte des Septimenaccordes Berlin 1854) „Die An¬
206 508 1447 556 sichten vom Wohlklange waren von jeher sehr wechselnd, oft
205 562 1447 610 widersprechend; es hat deshalb auch zu keiner Zeit eine unfehl¬
202 627 1443 676 bare, feststehende und allein gültige musikalische Grammatik
207 682 1444 747 gegeben. Der Sinn kann irre geleitet, das Ohr verwöhnt
206 752 1435 803 werden, und der Verstand allein wird einmal die Gesetze ei¬
200 802 1451 852 nes positiven Wohlklanges ergründen und feststellen.” Ein
215 867 1450 916 weites Gebiet der Forschung liegt hier den Theoretikern offen.
205 1027 1449 1066 statt, wenn a oder b die Faktore 3 und 5 zugleich oder einen von ihnen mehr¬
211 1073 1442 1115 mal enthalten. Wir erhalten aber für die consonanten Intervalle, d. h. diejenigen
212 1107 1448 1155 Zweiklänge, deren Schwingungszahlen nur einer Terz- oder Quint-Generation ange¬
202 1154 1439 1196 hören, folgende Werthe, wenn wir uns auf die Combinationen innerhalb zweier Oc¬
206 1195 503 1243 taven beschränken:
311 1939 1448 1987 Wie man sieht, stimmt diese Reihe gut überein mit den hergebrachten An¬
203 1979 1443 2027 sichten über den Wohlklang der Intervalle. Ich versuchte weiter zu gehen, und
201 2026 1438 2066 für die Dur- und Molldreiklänge einen ähnlichen Versuch anzustellen, denn offen¬
207 2067 1438 2110 bar wird die tonische und phonische Bedeutung mehrstimmiger Accorde von der Lage
208 2108 1440 2156 der Stimmen abhängen. Bildet man die Producte der Schwingungszahlen je zweier
207 2147 1431 2204 Töne, so geben deren Summen folgende Ordnung für das Verständniss der Dur-
205 2195 507 2245 und Molldreiklänge.
