1502 2450
677 122 980 179 254
201 506 1446 556 in dem zweiten Zusammenklange einen d-moll Accord zu
200 563 1453 618 sehen. Wohl aber mag und wird die Stimmung des d in
209 627 1449 683 d} sich ändern, wenn a} statt g im letzten Accorde erwartet
205 700 1441 745 wird. Analog wird das d} seine Stimmung behaupten kön¬
197 763 586 819 nen in der Folge:
307 1107 1442 1163 Man bemerke, dass die Intonation der Art wesentlich
210 1170 1447 1220 vom Zusammenhange des Ganzen getragen wird, dass im
209 1227 1449 1275 zweistimmigen Satz eine Unbestimmtheit übrig bleibt, die
199 1281 1444 1340 nur durch strenges Festhalten des Gehörs am Prinzipe der
200 1347 1025 1411 Tonalität und Phonalität gehoben wird.
195 1541 1444 1611 7. Veränderte Klangbedeutung der Septime je nach der
719 1611 944 1677 Auflösung.
310 1739 1440 1788 Von allergrösstem Interesse sind aber die Deutungen
204 1796 1441 1868 der vier Septimenaccorde unter 1) und 2), wenn sie mit
198 1860 1431 1899 veränderter Terz aufgelöst werden. Man pflegte bisher ein¬
198 1915 1161 1969 fach aus den Systemen von c-moll die Cadenz
202 2114 1434 2164 herzunehmen, ohne dass die Verständlichkeit dieser Folge
202 2171 1422 2220 begründet werden konnte. Wir finden sie in der geänder¬
