1502 2450
516 127 711 187 145
285 234 1022 315 3. Einfach vermittelte Klangfolge.
130 307 1266 363 Der tonisch-phonische Wechsel ist zwar in anderer Ge¬
48 370 1273 420 stalt längst bekannt durch die Mollsysteme, allein in der
50 426 165 490 Folge
46 627 1265 676 suchte man stets den ersten Accord als Dominant-Accord
39 683 1260 729 der f-moll-Tonart, oder den zweiten als Unterdominant-
48 740 1262 796 Accord von c-durmoll (nach Hauptmanns Bezeichnung).
40 799 1266 851 In dieser Weise fand die nähere Verwandtschaft scheinbar
51 859 1274 914 entfernter Tonarten schon früher Ausdruck 1). Andere, so
48 923 1267 972 namentlich Marx, statuiren eine sprungweise Modulation.
39 978 1273 1035 Sehr entschieden tritt Hauptmann dagegen auf, und ich
46 1035 1260 1090 muss vollkommon beistimmen, wenn er sagt: „Die Aufein¬
43 1100 1269 1148 anderfolge der Tonarten kann eben wie die einzelne Tonfolge
50 1155 1273 1209 und die Accordfolge, nie auf andere als vermittelte Weise
45 1219 1263 1276 geschehen. Es kann einer Tonart die entfernteste folgen,
48 1274 1265 1325 aber nur insofern der Accord, aus welchem die Fortschrei¬
37 1331 1259 1387 tung nach der neuen Tonart geschieht, entweder in dieser
42 1395 1263 1443 selbst auch schon vorhanden ist, oder doch einer nächst¬
49 1451 1269 1515 verwandten dieser neuen mit angehört. Der Uebergang
37 1516 1269 1563 aus dem tonischen c-Dreiklange nach dem ton. des{-Dreiklange
45 1579 1262 1628 ist nur durch die Umdeutung des ersteren zum Oberdomi¬
45 1651 1271 1700 nant-Accorde der f-moll-Tonart zu verständigen, wonach der
41 1701 1270 1755 des{-dur-Dreiklang als Accord der sechsten Stufe dieser Tonart
38 1777 1263 1819 eintritt. Wenn dem tonischen c-dur-Dreiklange der h} dur-
41 1826 1265 1876 Dreiklang folgt, so geschieht im ersten eine Umdeutung zum
37 1892 1225 1944 Dreiklang der Unterdominantterz der e}-moll-Tonart . . . . .” —
128 1954 1270 2010 Hieraus ersieht man, dass im Wesen meine Darstellung
39 2012 1271 2060 nicht abweicht. Sie wird aber, wie mir scheint, bei weitem
134 2164 1271 2205 1) In wenig systematischer Anordnung auch bei Weitzmann „Harmonie¬
47 2203 504 2251 system”, gekrönte Preisschrift.
