1502 2450
681 128 925 179 188
301 234 1452 283 Zu bemerken ist, dass sub VI die Ausgangssysteme
205 296 1449 344 wiederum Wege enharmonischen Wechsels sind für die
209 355 1404 445 Veränderung von ges{ in fis} = $$MATH,
558 471 856 534 oder ais} in b}.
206 551 1446 597 Auch ist, wie man sieht, die Art der Verwandtschaft zwischen
608 601 1025 669 ton. c und ton. ges{
256 664 1047 733 sowie zwischen phon. e} und phon. ais}}
204 744 1460 812 eine wesentlich andere, als die zwischen ton. c und ton. fis}
197 816 1033 864 und die zwischen phon. e} und phon. b}.
307 883 1451 940 4) Nebenklänge der Ausgangssysteme reciprok
206 950 1451 998 den Nebenklängen der combinirten (geringster Grad re¬
205 1002 721 1061 ciproker Verwandtschaft).
303 1076 1447 1125 α) Zwei Klänge reciprok: Antinome Systeme der
200 1131 1449 1197 grossen Terz des Leittones über Tonica resp. unter Phonica
204 1194 1445 1269 (d. h. 2 Terz- und 1 Quintschritt) ton. c mit phon. dis}} und
201 1266 1047 1332 phon. e} mit ton. des{ (Tab. C u. D sub 3).
309 1338 1451 1404 β) Ein Klang reciprok: Antinome Systeme der um eine
198 1401 1443 1456 Doppelterz entfernten Töne nach oben und resp. nach unten,
207 1469 1447 1516 und deren grossen Secunde, d. h. der um 2 Terzschritte
205 1515 1445 1573 und 2 Quintschritte entfernten Töne (über der Tonica und
210 1589 1450 1635 unter der Phonica). Diese Systeme haben die entfernteste
203 1634 1451 1689 und geringste direkte Verwandtschaft (Tab. C und D) sub
217 1698 1446 1748 4 und 2. — In der ersten sind je die Terzklänge einander
207 1753 1447 1812 reciprok (sub 4), in der andern je die Leitklänge der com¬
208 1817 1442 1876 binirten Systeme (sub 2). Analog den früheren sub V in
208 1874 1437 1933 Tab. A und B. sind hier die Ausgangssysteme Wege enhar¬
204 1938 634 1988 monischen Wechsels.
313 2008 1442 2062 5) Gar keine Klänge mit einander gemeinsam, aber
202 2074 1399 2131 doch noch identische Töne in den combinirten Systemen:
308 2131 1446 2192 α) 2 Töne gemein: Tab. C und D sub 5 und II und
203 2194 837 2245 Tab. A und B sub 2 und II.
