1502 2450
687 123 745 173 23
93 226 1342 276 abweicht von der Periode der Schwingungen, so entsteht
99 284 1345 337 eine schwache oder ganz unmerkliche Bewegung. Dergleichen
95 347 1346 404 periodische Anstösse gehen nun gewöhnlich aus von einem
98 402 1338 465 andern in regelmässigen Schwingungen begriffenen Körper,
93 466 1347 513 dann rufen die Schwingungen des letzteren nach einiger Zeit
95 522 1341 574 auch die Schwingungen des erstgenannten hervor. Unter
97 583 1340 636 diesen Umständen nennt man den Vorgang Mitschwingen
95 635 473 692 oder Mittönen”.
205 698 1334 755 Weiter hat Helmholtz ausführlich dargethan, dass wenn
90 763 1341 812 im Klange eines gegebenen Instrumentes gewisse Obertöne
95 820 1330 884 vorhanden sind, auch andere schwingungsfähige Körper durch
93 882 1328 932 diese zum Mittönen gebracht werden können. Hiermit ge¬
94 939 1335 988 lang es ihm, experimentell die objective Existenz der Par¬
97 1004 1330 1051 tialtöne eines Klanges nachzuweisen. Eine Summe von ge¬
97 1059 1338 1116 trennten Empfindungen erscheint uns für gewöhnlich nur als
96 1130 1337 1179 einheitlicher Klang. Der letztere hat in der Musik nur quali¬
98 1179 1346 1234 tative Bedeutung. Die bewusste Wahrnehmung eines Klanges
104 1236 1342 1291 wird nur durch eine beabsichtigte angestrengte Aufmerksamkeit
97 1299 1336 1347 in eine Summe von Einzelempfindungen aufgelöst. Diese Ana¬
94 1355 1338 1410 lyse des Klanges, ist das Fundament der Theorie der Musik.
198 1418 1345 1468 Die Thätigkeit unseres Gehörorgans wird aber ebenso auf
101 1474 1342 1539 das physikalische Theorem des Mittönens zurückgeführt, auf
92 1538 1338 1587 Grund einer Hypothese über die Beschaffenheit der sog.
98 1595 552 1648 Cortischen Fasern. —
204 1657 1336 1709 Die Schwingungsbewegung der Luft theilt sich zunächst
94 1715 1338 1778 unserem Trommelfell mit, und von dort dringt die Erregung
100 1772 1344 1827 bis zum Eingang der Schnecke. In dieser befinden sich die
97 1835 1343 1891 Enden der Hörnerven, „die überall mit besonderen, theils
98 1890 1332 1947 elastischen, theils festen Hilfsapparaten verbunden sind (Corti¬
94 1955 1343 2002 sche Fasern), welche unter dem Einflusse äusserer Schwin¬
102 2026 1338 2075 gungen in Mitschwingung versetzt werden können, und dann
105 2074 1329 2135 wahrscheinlich die Nervenmasse erschüttern und erregen”.
93 2131 1341 2188 Helmholtz zeigt, dass es „verschiedene Theile des Ohres
99 2194 1330 2252 sein müssen, welche durch verschieden hohe Töne in Schwin¬
