1502 2450
776 115 968 172 136
210 213 1446 284 phonische ein in allen Momenten, nicht „rückwärts”, wohl
216 282 1448 332 aber nach „unten” nach der Tiefe gebautes, so ist hier
219 345 1454 395 weiter nach der Tiefe hin, der Fortschritt zu finden. Der
207 412 1452 460 Ausspruch ist zutreffend für die Modulation in Dur, für die
216 459 1457 509 Mollgeschlechter musste er umgekehrt gestellt werden. Wenn
215 526 1459 573 aber auch die Modulation hauptsächlich nach der Tonart
210 579 1449 627 der untern Quinte, der Unterregnante sich wenden wird, so
215 634 1449 692 darf doch nicht das Verwandtschaftsmoment zu den andern
212 699 1263 747 näher verwandten Geschlechtern übersehen werden.
321 754 1448 811 Für meine Behauptung, dass die Modulation haupt¬
209 825 1451 868 sächlich nach der untern Seite gerichtet ist, möchte ich einen
221 875 1456 924 Ausspruch Hauptmann's anführen, der, nachdem er als
214 931 1444 987 Hauptgegensatz die Paralleltonart hinstellt, fortfährt: „Eine
213 994 1444 1044 fast eben so entschieden gegensätzliche Verwandtschaft fin¬
210 1051 1450 1103 det die Molltonart auch in der Durtonart ihrer Unterdo¬
214 1136 1451 1187 minantterz (d. h. in a}-moll (phon. e}) die Terz f der Un¬
217 1179 1444 1237 terdominante d, oder wie wir anschaulicher sagen würden,
214 1243 1452 1293 in der Unterterz der Unterregnante, mit einem Wort im
219 1299 1454 1355 Leittone f). Man sieht, dass Hauptmann hier die wichtige
215 1363 1447 1413 Beziehung der Leit-Tonarten anerkennt, nur aber in einer
222 1417 1444 1484 Gestalt, in welcher diese Beziehung nicht aufgedeckt wird.
217 1483 1458 1539 Hiermit identisch erscheint unsere Behauptung, dass die
211 1539 1452 1591 Hauptmodulation in Moll nach der unteren Seite stattfindet.
317 1595 1456 1652 Dem Leser muss ich es überlassen, in Lehrbüchern der
217 1659 1458 1711 Composition die bisherigen Theorieen zu vergleichen. Man
220 1717 1451 1779 findet nur wenige Zeilen, die nicht irgend einen Widerspruch
216 1778 1455 1833 bedingen, und zwar einen solchen, der seine Begründung in dem
218 1836 1454 1890 Prinzip der Phonalität findet. Namentlich weise ich auf den
221 1898 1445 1947 betreffenden sehr klar gefassten Abschnitt bei Marx 1) hin.
218 1956 1456 2011 Der Gegensatz von Moll und Dur ist ebenso wenig hier wie
221 2024 1460 2068 anderswo gewürdigt, und finde ich gerade in der von Marx
219 2082 1454 2138 angegebenen Haupt - Modulationsordnung einen Beleg für
325 2210 1133 2255 1) Marx Compositionslehre Bd. I, pag. 233 und ff.
