<?xml version="1.0" encoding="UTF-8" standalone="yes"?>
<PcGts xmlns="http://schema.primaresearch.org/PAGE/gts/pagecontent/2013-07-15" xmlns:xsi="http://www.w3.org/2001/XMLSchema-instance" xsi:schemaLocation="http://schema.primaresearch.org/PAGE/gts/pagecontent/2013-07-15 http://schema.primaresearch.org/PAGE/gts/pagecontent/2013-07-15/pagecontent.xsd">
    <Metadata>
        <Creator>prov=University of Rostock/Institute of Mathematics/CITlab|PLANET AI GmbH/Gundram Leifert/gundram.leifert@planet-ai.de:name=ONB_Newseye_GT_M1+(htr_id=10810)::::v=2.6.7
prov=University of Rostock/Institute of Mathematics/CITlab|PLANET AI GmbH/Tobias Gruening/tobias.gruening@planet-ai.de:name=de.uros.citlab.module.baseline2polygon.B2PSeamMultiOriented:v=2.6.7
prov=University of Rostock/Institute of Mathematics/CITlab|PLANET AI GmbH/Tobias Gruening/tobias.gruening@planet-ai.de:name=/net_tf/LA73_249_0mod360.pb:de.uros.citlab.segmentation.CITlab_LA_ML:v=2.6.7
Transkribus</Creator>
        <Created>2021-03-18T14:22:05.827+01:00</Created>
        <LastChange>2021-09-07T14:25:49.905+02:00</LastChange>
        <TranskribusMetadata docId="738836" pageId="28121626" pageNr="29" tsid="64366331" status="DONE" userId="74363" imgUrl="https://files.transkribus.eu/Get?id=RKYOMZCBAIHRRBJKLOFDUBYH&amp;fileType=view" xmlUrl="https://files.transkribus.eu/Get?id=KCWFUUZPMZZAXBBBVLBAQIOC" imageId="21904996"/>
    </Metadata>
    <Page imageFilename="Oettingen_Harmoniesystem_in_dualer_Entwickelung-0038.jpg" imageWidth="1502" imageHeight="2450" type="content">
        <ReadingOrder>
            <OrderedGroup id="ro_1631310990406" caption="Regions reading order">
                <RegionRefIndexed index="0" regionRef="TextRegion_1616436187836_2966"/>
                <RegionRefIndexed index="1" regionRef="TextRegion_1616436187836_2965"/>
                <RegionRefIndexed index="3" regionRef="TextRegion_1616436179357_2955"/>
                <RegionRefIndexed index="4" regionRef="TextRegion_1616436175296_2951"/>
            </OrderedGroup>
        </ReadingOrder>
        <TextRegion orientation="0.0" type="page-number" id="TextRegion_1616436187836_2966" custom="readingOrder {index:0;} structure {type:page-number;}">
            <Coords points="77,123 1376,123 1376,198 77,198"/>
            <TextLine id="r1l1" custom="readingOrder {index:0;}">
                <Coords points="659,171 688,170 691,173 730,168 724,122 710,124 692,122 688,125 671,123 664,132 655,133"/>
                <Baseline points="666,164 693,161 720,158"/>
                <TextEquiv>
                    <Unicode>21</Unicode>
                </TextEquiv>
            </TextLine>
            <TextEquiv>
                <Unicode>21</Unicode>
            </TextEquiv>
        </TextRegion>
        <TextRegion orientation="0.0" type="paragraph" id="TextRegion_1616436187836_2965" custom="readingOrder {index:1;} structure {type:paragraph;}">
            <Coords points="77,198 1376,198 1376,814 77,814"/>
            <TextLine id="r1l2" custom="readingOrder {index:0;}">
                <Coords points="75,276 1307,271 1267,226 75,228"/>
                <Baseline points="82,264 142,263 203,263 264,262 325,262 386,262 447,263 508,263 569,263 630,263 691,264 751,264 812,265 873,265 934,265 995,265 1056,265 1117,265 1178,265 1239,265 1300,264"/>
                <TextEquiv>
                    <Unicode>bei gehörig angestrengter Aufmerksamkeit nicht nur denje¬</Unicode>
                </TextEquiv>
            </TextLine>
            <TextLine id="r1l3" custom="readingOrder {index:1;} m_note {offset:6; length:3;} concept_phy {offset:18; length:7;} concept_phy {offset:36; length:5;} concept_phy {offset:46; length:10; continued:true;}">
                <Coords points="68,329 1237,348 1311,299 68,292"/>
                <Baseline points="77,323 138,322 199,322 260,322 322,322 383,322 444,322 505,322 567,322 628,322 689,322 750,322 812,323 873,323 934,323 995,324 1057,324 1118,324 1179,325 1240,325 1302,325"/>
                <TextEquiv>
                    <Unicode>nigen Ton, dessen Tonhöhe durch die Dauer der Schwingun¬</Unicode>
                </TextEquiv>
            </TextLine>
            <TextLine id="r1l4" custom="readingOrder {index:2;} concept_phy {offset:0; length:3; continued:true;} textStyle {offset:18; length:34;fontSize:0.0; kerning:0; letterSpaced:true;}">
                <Coords points="77,403 1299,396 1317,352 78,355"/>
                <Baseline points="85,382 146,382 207,382 268,382 329,382 391,382 452,382 513,382 574,382 635,383 697,383 758,383 819,383 880,383 941,384 1003,384 1064,384 1125,385 1186,385 1247,385 1309,386"/>
                <TextEquiv>
                    <Unicode>gen bestimmt ist, sondern es hört ausser diesem noch</Unicode>
                </TextEquiv>
            </TextLine>
            <TextLine id="r1l5" custom="readingOrder {index:3;} textStyle {offset:0; length:23;fontSize:0.0; kerning:0; letterSpaced:true;} concept_phy {offset:5; length:5;} m_note {offset:19; length:4;} concept_phy {offset:32; length:17; continued:true;}">
                <Coords points="83,451 1309,444 1232,402 83,411"/>
                <Baseline points="90,442 150,442 211,441 271,441 332,441 392,441 453,442 513,442 574,442 634,443 695,443 755,444 816,444 876,444 937,444 997,444 1058,444 1118,444 1179,443 1239,442 1300,441"/>
                <TextEquiv>
                    <Unicode>eine Reihe höherer Töne, welche harmonische Ober¬</Unicode>
                </TextEquiv>
            </TextLine>
            <TextLine id="r1l6" custom="readingOrder {index:4;} concept_phy {offset:0; length:4; continued:true;} m_note {offset:51; length:4;}">
                <Coords points="80,515 1310,523 1310,472 1231,466 80,467"/>
                <Baseline points="88,500 148,501 209,501 270,501 330,501 391,502 452,502 512,502 573,502 634,503 695,503 755,503 816,503 877,503 937,504 998,504 1059,504 1119,504 1180,504 1241,504 1302,505"/>
                <TextEquiv>
                    <Unicode>töne genannt werden, im Gegensatze zu jenem ersten Tone,</Unicode>
                </TextEquiv>
            </TextLine>
            <TextLine id="r1l7" custom="readingOrder {index:5;} textStyle {offset:4; length:9;fontSize:0.0; kerning:0; letterSpaced:true;} m_note {offset:4; length:9;}">
                <Coords points="83,571 1319,571 1287,523 83,523"/>
                <Baseline points="91,561 155,561 219,562 283,562 347,562 411,562 475,562 540,562 604,563 668,563 732,563 796,563 860,563 925,563 989,563 1053,563 1117,563 1181,563 1245,562 1310,562"/>
                <TextEquiv>
                    <Unicode>dem Grundtone, der unter ihnen allen der tiefste und in</Unicode>
                </TextEquiv>
            </TextLine>
            <TextLine id="r1l8" custom="readingOrder {index:6;} concept_phy {offset:49; length:7;}">
                <Coords points="74,631 1315,635 1280,580 761,610 696,579 74,584"/>
                <Baseline points="83,621 144,621 205,621 266,621 327,622 389,622 450,622 511,622 572,622 633,622 695,622 756,623 817,623 878,623 939,623 1001,623 1062,623 1123,623 1184,623 1245,623 1307,622"/>
                <TextEquiv>
                    <Unicode>der Regel auch der stärkste ist, und nach dessen Tönhöhe</Unicode>
                </TextEquiv>
            </TextLine>
            <TextLine id="r1l9" custom="readingOrder {index:7;} concept_phy {offset:8; length:7;} concept_mus {offset:27; length:7;} textStyle {offset:52; length:5;fontSize:0.0; kerning:0; letterSpaced:true;} concept_phy {offset:52; length:5;}">
                <Coords points="81,692 1307,692 1321,651 81,652"/>
                <Baseline points="89,678 150,679 211,679 272,680 333,680 395,681 456,681 517,681 578,681 639,681 701,681 762,681 823,682 884,682 945,681 1007,681 1068,681 1129,681 1190,681 1251,681 1313,681"/>
                <TextEquiv>
                    <Unicode>wir die Tonhöhe des ganzen Klanges beurtheilen. Die Reihe</Unicode>
                </TextEquiv>
            </TextLine>
            <TextLine id="r1l10" custom="readingOrder {index:8;} textStyle {offset:0; length:49;fontSize:0.0; kerning:0; letterSpaced:true;} concept_phy {offset:7; length:8;} concept_mus {offset:29; length:20;}">
                <Coords points="76,748 1322,748 1322,714 1200,699 76,708"/>
                <Baseline points="85,740 146,740 207,740 269,740 330,740 392,740 453,741 515,741 576,741 638,741 699,741 760,741 822,742 883,742 945,742 1006,741 1068,741 1129,741 1191,741 1252,741 1314,740"/>
                <TextEquiv>
                    <Unicode>dieser Obertöne ist für alle musikalischen Klänge</Unicode>
                </TextEquiv>
            </TextLine>
            <TextLine id="line_1616436276646_2985" custom="readingOrder {index:9;} textStyle {offset:0; length:13;fontSize:0.0; kerning:0; letterSpaced:true;}">
                <Coords points="465,809 441,814 402,773 370,764 272,773 224,762 204,780 191,770 86,770 85,823 465,828"/>
                <Baseline points="457,808 93,803"/>
                <TextEquiv>
                    <Unicode>ganz dieselbe”:</Unicode>
                </TextEquiv>
            </TextLine>
            <TextEquiv>
                <Unicode>bei gehörig angestrengter Aufmerksamkeit nicht nur denje¬&#13;
nigen Ton, dessen Tonhöhe durch die Dauer der Schwingun¬&#13;
gen bestimmt ist, sondern es hört ausser diesem noch&#13;
eine Reihe höherer Töne, welche harmonische Ober¬&#13;
töne genannt werden, im Gegensatze zu jenem ersten Tone,&#13;
dem Grundtone, der unter ihnen allen der tiefste und in&#13;
der Regel auch der stärkste ist, und nach dessen Tönhöhe&#13;
wir die Tonhöhe des ganzen Klanges beurtheilen. Die Reihe&#13;
dieser Obertöne ist für alle musikalischen Klänge&#13;
ganz dieselbe”:</Unicode>
            </TextEquiv>
        </TextRegion>
        <MusicRegion id="Music_1616436238715_2976" custom="readingOrder {index:2;} structure {type:floating;}">
            <Coords points="77,814 1376,814 1376,1400 77,1400"/>
        </MusicRegion>
        <TextRegion orientation="0.0" type="paragraph" id="TextRegion_1616436179357_2955" custom="readingOrder {index:3;} structure {type:paragraph;}">
            <Coords points="77,1400 1376,1400 1376,2008 77,2008"/>
            <TextLine id="r1l28" custom="readingOrder {index:0;} concept_phy {offset:4; length:17;} concept_phy {offset:28; length:12;} concept_phy {offset:41; length:12; continued:true;}">
                <Coords points="178,1467 1313,1459 1286,1419 178,1418"/>
                <Baseline points="186,1454 241,1454 297,1454 353,1454 409,1454 465,1454 521,1455 577,1455 633,1455 689,1455 745,1455 800,1455 856,1455 912,1456 968,1456 1024,1456 1080,1456 1136,1456 1192,1456 1248,1456 1304,1456"/>
                <TextEquiv>
                    <Unicode>Die Gesammtempfindung einer periodischen Lufterschüt¬</Unicode>
                </TextEquiv>
            </TextLine>
            <TextLine id="r1l29" custom="readingOrder {index:1;} concept_phy {offset:0; length:6; continued:true;} textStyle {offset:18; length:5;fontSize:0.0; kerning:0; letterSpaced:true;} concept_mus {offset:18; length:5;} concept_mus {offset:45; length:5;}">
                <Coords points="90,1525 1314,1531 1314,1481 90,1475"/>
                <Baseline points="98,1514 158,1514 218,1514 279,1514 339,1514 400,1514 460,1514 520,1514 581,1514 641,1514 702,1514 762,1515 822,1515 883,1515 943,1515 1004,1515 1064,1515 1124,1515 1185,1515 1245,1515 1306,1515"/>
                <TextEquiv>
                    <Unicode>terung heisst ein Klang. Es besteht also der Klang aus</Unicode>
                </TextEquiv>
            </TextLine>
            <TextLine id="r1l30" custom="readingOrder {index:2;} concept_phy {offset:6; length:5;} m_note {offset:31; length:4;}">
                <Coords points="78,1578 1320,1588 1320,1545 1232,1532 78,1549"/>
                <Baseline points="85,1574 146,1574 207,1574 269,1573 330,1573 391,1573 453,1573 514,1574 575,1574 637,1574 698,1574 759,1574 821,1575 882,1575 943,1575 1005,1575 1066,1575 1127,1575 1189,1575 1250,1575 1312,1574"/>
                <TextEquiv>
                    <Unicode>einer Reihe verschiedenartiger Töne: „Der erste dieser</Unicode>
                </TextEquiv>
            </TextLine>
            <TextLine id="r1l31" custom="readingOrder {index:3;} concept_phy {offset:0; length:9;} textStyle {offset:10; length:1;italic:true; fontSize:0.0; kerning:0;} m_note {offset:10; length:1;} textStyle {offset:20; length:8;fontSize:0.0; kerning:0; letterSpaced:true;} m_note {offset:20; length:8;} concept_mus {offset:33; length:7;}">
                <Coords points="92,1640 1311,1643 1311,1601 1241,1595 1043,1622 92,1594"/>
                <Baseline points="99,1631 159,1632 219,1632 279,1632 339,1633 400,1633 460,1633 520,1633 580,1633 640,1633 701,1633 761,1633 821,1633 881,1633 941,1633 1002,1633 1062,1633 1122,1633 1182,1633 1242,1633 1303,1634"/>
                <TextEquiv>
                    <Unicode>Theiltöne C ist der Grundton des Klanges, die übrigen</Unicode>
                </TextEquiv>
            </TextLine>
            <TextLine id="r1l32" custom="readingOrder {index:4;} textStyle {offset:6; length:21;fontSize:0.0; kerning:0; letterSpaced:true;} concept_phy {offset:6; length:21;} textStyle {offset:33; length:11;fontSize:0.0; kerning:0; letterSpaced:true;} concept_phy {offset:33; length:11;}">
                <Coords points="77,1701 1317,1708 1285,1651 1210,1682 1081,1651 77,1660"/>
                <Baseline points="85,1692 146,1692 207,1693 268,1693 329,1693 391,1694 452,1694 513,1694 574,1694 635,1694 697,1694 758,1694 819,1694 880,1693 941,1693 1003,1694 1064,1694 1125,1694 1186,1694 1247,1694 1309,1695"/>
                <TextEquiv>
                    <Unicode>seine harmonischen Obertöne oder Partialtöne. Die</Unicode>
                </TextEquiv>
            </TextLine>
            <TextLine id="r1l33" custom="readingOrder {index:5;} concept_phy {offset:0; length:12;} m_note {offset:19; length:12;}">
                <Coords points="85,1764 1314,1764 1314,1713 759,1740 85,1708"/>
                <Baseline points="93,1751 153,1752 214,1752 275,1753 335,1753 396,1753 457,1753 517,1753 578,1753 639,1753 700,1752 760,1752 821,1752 882,1752 942,1752 1003,1752 1064,1752 1124,1752 1185,1753 1246,1753 1307,1754"/>
                <TextEquiv>
                    <Unicode>Ordnungszahl jedes Partialtones giebt an, wie viel mal</Unicode>
                </TextEquiv>
            </TextLine>
            <TextLine id="r1l34" custom="readingOrder {index:6;} concept_phy {offset:14; length:15;} m_note {offset:47; length:9;}">
                <Coords points="86,1834 1262,1827 1302,1771 86,1780"/>
                <Baseline points="94,1810 154,1810 214,1810 274,1811 334,1811 394,1811 454,1811 514,1812 574,1812 634,1812 694,1812 754,1812 814,1812 874,1811 934,1811 994,1811 1054,1810 1114,1809 1174,1808 1234,1807 1294,1806"/>
                <TextEquiv>
                    <Unicode>grösser seine Schwingungszahl ist, als die des Grundtons”.</Unicode>
                </TextEquiv>
            </TextLine>
            <TextLine id="r1l35" custom="readingOrder {index:7;} textStyle {offset:1; length:47;fontSize:0.0; kerning:0; letterSpaced:true;} concept_phy {offset:22; length:10;}">
                <Coords points="80,1891 1297,1884 1315,1833 127,1826 80,1857"/>
                <Baseline points="89,1873 149,1872 210,1872 271,1872 332,1872 393,1872 454,1872 515,1872 576,1872 637,1872 698,1872 758,1872 819,1872 880,1872 941,1872 1002,1872 1063,1872 1124,1872 1185,1872 1246,1872 1307,1872"/>
                <TextEquiv>
                    <Unicode>„Die Unterschiede der Klangfarbe beruhen nur auf</Unicode>
                </TextEquiv>
            </TextLine>
            <TextLine id="r1l36" custom="readingOrder {index:8;} textStyle {offset:0; length:46;fontSize:0.0; kerning:0; letterSpaced:true;} m_note {offset:36; length:10;}">
                <Coords points="88,1937 1325,1936 1325,1905 1202,1890 88,1899"/>
                <Baseline points="95,1928 156,1929 217,1930 278,1930 339,1931 400,1931 461,1931 522,1931 583,1931 644,1931 706,1931 767,1931 828,1931 889,1931 950,1931 1011,1931 1072,1931 1133,1931 1194,1931 1255,1931 1317,1931"/>
                <TextEquiv>
                    <Unicode>verschiedenartigen Verbindungen des Grundtones</Unicode>
                </TextEquiv>
            </TextLine>
            <TextLine id="r1l37" custom="readingOrder {index:9;} textStyle {offset:0; length:33;fontSize:0.0; kerning:0; letterSpaced:true;} concept_phy {offset:24; length:9;}">
                <Coords points="87,1995 960,2003 960,1953 87,1961"/>
                <Baseline points="95,1988 137,1989 180,1990 223,1990 266,1991 309,1991 352,1991 394,1992 437,1992 480,1992 523,1992 566,1992 609,1991 652,1991 694,1991 737,1991 780,1991 823,1991 866,1991 909,1991 952,1991"/>
                <TextEquiv>
                    <Unicode>mit verschieden starken Obertönen”.</Unicode>
                </TextEquiv>
            </TextLine>
            <TextEquiv>
                <Unicode>Die Gesammtempfindung einer periodischen Lufterschüt¬&#13;
terung heisst ein Klang. Es besteht also der Klang aus&#13;
einer Reihe verschiedenartiger Töne: „Der erste dieser&#13;
Theiltöne C ist der Grundton des Klanges, die übrigen&#13;
seine harmonischen Obertöne oder Partialtöne. Die&#13;
Ordnungszahl jedes Partialtones giebt an, wie viel mal&#13;
grösser seine Schwingungszahl ist, als die des Grundtons”.&#13;
„Die Unterschiede der Klangfarbe beruhen nur auf&#13;
verschiedenartigen Verbindungen des Grundtones&#13;
mit verschieden starken Obertönen”.</Unicode>
            </TextEquiv>
        </TextRegion>
        <TextRegion orientation="0.0" id="TextRegion_1616436175296_2951" custom="readingOrder {index:4;} structure {type:paragraph-continued;}">
            <Coords points="77,2008 1376,2008 1376,2271 77,2271"/>
            <TextLine id="r1l38" custom="readingOrder {index:0;} concept_phy {offset:10; length:12;} concept_phy {offset:23; length:14;}">
                <Coords points="176,2059 1322,2057 1322,2022 1265,2011 176,2011"/>
                <Baseline points="183,2048 239,2049 296,2049 352,2050 409,2050 465,2050 522,2050 578,2050 635,2050 691,2050 748,2050 804,2050 861,2050 917,2050 974,2050 1030,2049 1087,2049 1143,2049 1200,2049 1256,2049 1313,2049"/>
                <TextEquiv>
                    <Unicode>Unter den periodischen Luftbewegungen unterschieden</Unicode>
                </TextEquiv>
            </TextLine>
            <TextLine id="r1l39" custom="readingOrder {index:1;} concept_phy {offset:4; length:8;} concept_phy {offset:17; length:16;}">
                <Coords points="91,2117 1314,2124 1313,2081 1191,2067 822,2099 90,2075"/>
                <Baseline points="99,2108 159,2109 219,2110 279,2111 340,2111 400,2112 460,2112 521,2111 581,2111 641,2111 702,2110 762,2110 822,2110 882,2109 943,2109 1003,2109 1063,2108 1124,2108 1184,2109 1244,2109 1305,2110"/>
                <TextEquiv>
                    <Unicode>wir einfache und zusammengesetzte. — Wenn von mehreren</Unicode>
                </TextEquiv>
            </TextLine>
            <TextLine id="r1l40" custom="readingOrder {index:2;} concept_phy {offset:0; length:24;} m_note {offset:38; length:4;}">
                <Coords points="87,2180 1314,2180 1313,2130 87,2139"/>
                <Baseline points="96,2168 156,2169 217,2170 277,2170 338,2171 398,2171 459,2171 519,2171 580,2171 640,2171 701,2171 761,2171 822,2170 882,2170 943,2170 1003,2169 1064,2169 1124,2169 1185,2169 1245,2169 1306,2169"/>
                <TextEquiv>
                    <Unicode>schallerregenden Quellen gleichzeitig Töne erklangen, so fand</Unicode>
                </TextEquiv>
            </TextLine>
            <TextLine id="r1l41" custom="readingOrder {index:3;} concept_phy {offset:11; length:25;}">
                <Coords points="85,2244 1383,2245 1289,2187 1090,2218 1037,2188 936,2218 85,2197"/>
                <Baseline points="93,2228 157,2230 221,2231 285,2232 349,2233 413,2233 477,2233 542,2233 606,2232 670,2232 734,2231 798,2230 862,2230 926,2229 991,2229 1055,2229 1119,2229 1183,2229 1247,2230 1311,2232 1376,2234"/>
                <TextEquiv>
                    <Unicode>stets eine zusammengesetzte Bewegung statt. Nach ei¬</Unicode>
                </TextEquiv>
            </TextLine>
            <TextEquiv>
                <Unicode>Unter den periodischen Luftbewegungen unterschieden
wir einfache und zusammengesetzte. — Wenn von mehreren
schallerregenden Quellen gleichzeitig Töne erklangen, so fand
stets eine zusammengesetzte Bewegung statt. Nach ei¬</Unicode>
            </TextEquiv>
        </TextRegion>
    </Page>
</PcGts>
