1502 2450
802 140 964 198 182
233 242 1450 294 endlich mannigfach. Sie umfasst, unendlich erweitert gedacht,
233 307 1441 355 alle vier Arten von Verwandtschaft für alle Töne dreier
234 362 1453 412 Quintgenerationen. Angedeutet ist die Verwandtschaft blos
229 418 545 476 für den Ton d.
335 482 1440 531 Jeder Ton kann als Centrum von 5 X 5 ihn umgeben¬
230 538 1450 586 den Tönen gefasst werden, von denen stets nur 12 von ein¬
236 603 1445 652 ander und vom Centrum verschieden. Diese repräsentiren
232 659 1458 724 dann die ganze Verwandtschaft dieses Tones in irgend
237 714 503 772 welcher Art.
341 802 1392 868 Vier Centra sind hervorgehoben und zwar umgiebt
263 867 1442 923 I. den Ton dtt die Verwandtschaft aller tonischen Ge¬
618 931 1120 980 schlechter mit tonisch d
252 988 1371 1052 II. „ „ dpp die aller phonischen mit phonisch d
230 1052 1325 1099 III. „ „ d{tp aller phonischen mit tonisch d{
233 1116 1332 1180 IV. „ „ d}pt aller tonischen mit phonisch d}
338 1195 1456 1243 Die Diagonale von links oben nach rechts unten theilt
235 1251 1443 1302 die Tabelle der Art, dass die Schwingungszahlen aller Töne
230 1315 1458 1362 der rechten oberen Hälfte reciprok denen der linken
231 1371 545 1427 unteren Hälfte.
