1502 2450
588 94 805 173 43
63 227 1311 283 wir desshalb den Mollaccord c — es{ — g in der modernen
60 291 1301 344 Musik so gebraucht, dass c als sein Grundton oder Funda¬
60 364 1308 411 mentalbass behandelt ist und der Accord einen etwas verän¬
66 411 1304 468 derten oder getrübten c-Klang vertritt, aber es kommt der
65 472 1317 524 Accord in der Lage es{ — g — c auch in der b{-Durtonart
65 539 1300 592 vor, als Vertreter des Accordes der Subdominante es{. Ra¬
62 614 1314 660 meau nennt ihn dann den Accord der grossen Sexte und
60 667 1303 732 betrachtet richtiger, als die neueren Theoretiker meist thun,
63 732 757 788 es{ als seinen Fundamentalbass” 1).
161 795 1304 852 Fassen wir den Inhalt der hier citirten Abschnitte zu¬
67 859 1305 907 sammen: 3 verschiedene Probleme werden erörtert: 1) die
62 924 1306 979 Klangbedeutung des Duraccordes c — e} — g. 2) die des
66 980 1312 1036 Molldreiklanges c — es{ — g. 3) die des dreistimmigen
62 1062 1308 1116 Accordes c{ — es{ — g, oder es{ — g — c{ 2). Lassen wir
64 1123 852 1172 zunächst das dritte Gebilde bei Seite.
172 1179 1303 1228 Wenn Helmholtz streng bei dem Prinzip der Tonici¬
69 1242 1302 1292 tät, wie ich es genannt habe, geblieben wäre, so hätte er
64 1298 1306 1348 as{ als Fundamentalbass des Molldreiklanges bezeichnen müs¬
66 1376 1301 1428 sen. Er geht indess hier von der Voraussetzung aus, der
66 1427 1293 1475 Grundbass müsse ein mit den angegebenen Klängen über¬
64 1491 1308 1544 einstimmender Ton sein, daher keine andern Töne als c, es{,
66 1567 1298 1619 g selbst in Betracht kommen 3). Tonisch gedacht, ist als¬
71 1617 1295 1667 dann allerdings g jedenfalls ein abhängiger Ton, wäh¬
69 1676 1308 1724 rend es{ und c Grundtöne sein können, aber der Art, dass
61 1746 1300 1803 je der andere Ton als störendes Element des Zusammen¬
69 1802 1304 1868 klanges auftritt. Eine dieser Art negative Begründung
161 1931 669 1973 1) Helmholtz, l. c. pag. 451.
163 1970 1297 2013 2) Helmholtz scheint es hier übersehen zu haben, dass zur gross B-dur
66 2011 1295 2059 Tonart, nach seiner Schreibweise, die Secunde gross C gehört, und nicht klein c,
69 2065 1304 2107 so dass der dort Es — g — c geschriebene Zusammenklang Es — g — C heissen
67 2107 1116 2148 würde, d. h. nach meiner Schreibweise es{ — g — c{ oder es — g} — c.
157 2156 1299 2203 3) Uebrigens widerspricht dieser Voraussetzung die Behandlung des Accor¬
62 2203 475 2260 des h} d f a} auf Seite 527.
