1502 2450
618 91 794 149 169
154 195 1287 255 Eine ähnliche Unterscheidung gilt für die Bezeichnung
62 251 1092 308 identischer Klänge bei paralleler Verwandtschaft. —
432 410 910 468 2. Bereich der Töne.
165 538 1291 588 Betrachten wir den gesammten Bereich der Töne, die
62 603 1287 658 überhaupt in den mit ton. c und phon. e} combinirten anti-
66 667 1298 715 und homonomen Systemen vorkommen, und stellen sie in
70 723 1298 775 Form einer Tabelle ähnlich wie früher pag. 15 zusammen:
156 1107 1297 1168 Man bemerkt leicht den symmetrischen Bau in Bezug
64 1172 1303 1235 auf c und e}. Soweit die tonischen Systeme aufwärts reichen,
69 1235 781 1299 greifen die phonischen nach unten.
163 1323 1291 1372 Je die letzten Töne in jeder Horizontalreihe sind en¬
62 1379 1301 1434 harmonisch verwandt mit den ersten der folgenden. So
64 1452 1301 1499 endet die erste mit his}} und beginnt die zweite Zeile mit c}.
63 1515 1296 1564 Diese endet mit gis} und die dritte beginnt mit as. Ihr
66 1577 1303 1628 letzter Ton e ist wiederum enharmonisch = fes{ in der letz¬
74 1643 1302 1695 ten Zeile. Andererseits ist die ganze obere Zeile enharmo¬
71 1700 1302 1755 nisch mit der untersten verwandt, doch in bedeutend ab¬
73 1769 1299 1812 weichender Stimmung. Die zwölf Tasten unserer Tastin¬
70 1818 999 1876 strumente erscheinen in folgender Stimmung:
