1502 2450
525 114 747 164 127
38 225 1275 283 cher Bedeutung. Wir finden von den Klängen des ton. c
37 275 810 339 Systems folgende Klänge zugleich in
50 346 1156 404 phon. e}: 1) Phonica 2) Oberregnante 3) Unterterzkl.
850 402 1126 468 4) Leitklang,
32 479 1112 518 phon. h}: 1) Phonica 2) Regnante 3) Unterterzkl.
857 522 1129 588 4) Leitklang,
74 587 1055 642 ton. f: 1) Tonica 2) Dominante 3) Leitklang,
55 648 1173 708 ton. g: 1) Tonica 2) Unterdominante 3) Oberterzkl.
133 721 1275 772 Analog besitzen folgende Tonarten identische Klänge
38 778 280 845 in phon. e}:
66 836 1149 891 ton. c: 1) Tonica 2) Unterdominante 3) Oberterzkl.
860 899 1117 959 4) Leitklang
74 954 1106 1012 ton. c: 1) Tonica 2) Dominante 3) Oberterzkl.
854 1025 1119 1076 4) Leitklang
39 1074 1045 1140 phon e}: 1) Phonica 2) Regnante 3) Leitklang
39 1147 1188 1204 phon. h}: 1) Phonica 2) Oberregn. 3) Unter-Terzklang
137 1211 1285 1263 Es fehlen mithin, im Vergleich mit den Bestandtheilen
41 1284 334 1339 von ton. c}, in
181 1346 758 1411 phon. e}: der Regnantklang
179 1418 846 1485 phon. h}: der Oberregnantklang
217 1474 1044 1531 ton. f: Unterdominant- und Oberterzkl.
206 1539 929 1603 ton. g: Dominant- und Leitklang.
144 1602 1296 1660 Ebenso fehlen im Vergleich mit den Bestandtheilen von
46 1674 254 1738 phon. e} in
217 1746 783 1803 ton. c: der Dominantklang
226 1802 895 1868 ton. f: der Unterdominantklang
190 1859 1077 1931 phon. h}: Oberregnant- und Unterterzklang
189 1938 892 2004 phon. a: Regnant- und Leitklang
146 2019 1283 2075 Früher schon sahen wir, dass, in Uebereinstimmung
37 2085 1286 2140 mit der bisherigen Theorie der Dominantklang im tonischen
39 2139 1281 2187 System nothwendig war, demnächst der der Unterdomin.
39 2203 1282 2259 Analog erachteten wir für das phonische System an erster
