1502 2450
773 122 970 180 264
203 226 1431 282 für die phonischen eine vorwärtsschreitende Fortbe¬
207 284 1432 339 wegung. Umgekehrt ist in der aufsteigenden Folge der
207 347 931 396 Töne des verminderten Dreiklanges
210 522 1433 575 die Bewegung der phonischen eine rückwärts- die der to¬
206 586 1428 636 nischen eine vorwärtsschreitende. — Daher kommt es, dass
212 642 1426 700 beim Abwärtsschreiten die phonische Auflösung eine unmit¬
205 699 729 757 telbarere. In der Folge
210 979 1439 1035 kann statt des letzten Klanges allerdings die andere Auf¬
207 1042 1424 1092 lösung g+ folgen, allein die vorstehende steht in unmittel¬
211 1099 1431 1156 barer Beziehung zum ersten Doppelklange, indem d0 wie¬
206 1162 562 1213 dergekehrt ist.
301 1227 1161 1283 Dasselbe gilt für die nachstehende Folge
308 1515 1431 1587 Der Klang d — f{ — a = a0, würde als eine fortschrei¬
209 1587 1432 1642 tende Folge, eine wohlverständliche Modulation bedingen,
210 1643 1433 1692 während d+ die Cadenz tonisch abschliesst durch die
214 1698 1430 1756 Rückkehr aus a+ nach d+, aus der Oberdominante nach
205 1762 1426 1812 der Tonica; im ersten Beispiel dagegen bezeichnet die Folge
210 1827 1434 1884 g0 nach d0 die Rückkehr aus der Unter-Regnante in die
209 1882 1431 1932 Phonica. Ohne sämmtliche ferner liegende Auflösungen zu
218 1940 1425 1996 berühren wollen wir noch eine möglichst übersichtliche
213 1990 1420 2051 Darstellung des Schematismus und der Enharmonik der ver¬
207 2067 1435 2108 minderten Septimenaccorde geben. Dasselbe, was durch
208 2115 1426 2165 Betrachtung der entsprechenden Schwingungsverhältnisse er¬
214 2180 1428 2235 zielt werden könnte, ergiebt sich einfacher, wenn wir uns
