<?xml version="1.0" encoding="UTF-8" standalone="yes"?>
<PcGts xmlns="http://schema.primaresearch.org/PAGE/gts/pagecontent/2013-07-15" xmlns:xsi="http://www.w3.org/2001/XMLSchema-instance" xsi:schemaLocation="http://schema.primaresearch.org/PAGE/gts/pagecontent/2013-07-15 http://schema.primaresearch.org/PAGE/gts/pagecontent/2013-07-15/pagecontent.xsd">
    <Metadata>
        <Creator>prov=University of Rostock/Institute of Mathematics/CITlab|PLANET AI GmbH/Gundram Leifert/gundram.leifert@planet-ai.de:name=ONB_Newseye_GT_M1+(htr_id=10810)::::v=2.6.7
prov=University of Rostock/Institute of Mathematics/CITlab|PLANET AI GmbH/Tobias Gruening/tobias.gruening@planet-ai.de:name=de.uros.citlab.module.baseline2polygon.B2PSeamMultiOriented:v=2.6.7
prov=University of Rostock/Institute of Mathematics/CITlab|PLANET AI GmbH/Tobias Gruening/tobias.gruening@planet-ai.de:name=/net_tf/LA73_249_0mod360.pb:de.uros.citlab.segmentation.CITlab_LA_ML:v=2.6.7
Transkribus</Creator>
        <Created>2021-03-18T14:22:17.418+01:00</Created>
        <LastChange>2021-05-29T20:50:10.722+02:00</LastChange>
        <TranskribusMetadata docId="634080" pageId="24814971" pageNr="281" tsid="58442410" status="DONE" userId="74363" imgUrl="https://files.transkribus.eu/Get?id=HRTKUNYRLWUIUNSSFNXRFOMH&amp;fileType=view" xmlUrl="https://files.transkribus.eu/Get?id=VUJGCUOFMALQLYGPTJWZRBLA" imageId="19136370"/>
    </Metadata>
    <Page imageFilename="Oettingen_Harmoniesystem_in_dualer_Entwickelung-0290.jpg" imageWidth="1502" imageHeight="2450" type="content">
        <ReadingOrder>
            <OrderedGroup id="ro_1624195895615" caption="Regions reading order">
                <RegionRefIndexed index="0" regionRef="TextRegion_1621432464949_2887"/>
                <RegionRefIndexed index="1" regionRef="TextRegion_1621432464949_2886"/>
                <RegionRefIndexed index="3" regionRef="TextRegion_1621432460447_2878"/>
                <RegionRefIndexed index="5" regionRef="TextRegion_1621432453886_2870"/>
                <RegionRefIndexed index="7" regionRef="TextRegion_1621432445555_2858"/>
                <RegionRefIndexed index="9" regionRef="TextRegion_1621432439559_2850"/>
                <RegionRefIndexed index="11" regionRef="TextRegion_1621432427418_2842"/>
                <RegionRefIndexed index="12" regionRef="TextRegion_1621432423065_2838"/>
            </OrderedGroup>
        </ReadingOrder>
        <TextRegion orientation="0.0" type="page-number" id="TextRegion_1621432464949_2887" custom="readingOrder {index:0;} structure {type:page-number;}">
            <Coords points="63,124 1311,124 1311,208 63,208"/>
            <TextLine id="r1l2" custom="readingOrder {index:0;}">
                <Coords points="630,170 663,170 688,180 705,179 715,169 726,172 738,160 830,162 828,133 740,137 719,122 645,123 628,133"/>
                <Baseline points="638,162 664,162 690,161 716,159 743,156 769,155 795,155 822,156"/>
                <TextEquiv>
                    <Unicode>271</Unicode>
                </TextEquiv>
            </TextLine>
            <TextEquiv>
                <Unicode>271</Unicode>
            </TextEquiv>
        </TextRegion>
        <TextRegion orientation="0.0" type="paragraph" id="TextRegion_1621432464949_2886" custom="readingOrder {index:1;} structure {type:paragraph;}">
            <Coords points="63,208 1311,208 1311,294 63,294"/>
            <TextLine id="r1l3" custom="readingOrder {index:0;}">
                <Coords points="62,276 1296,273 1296,231 1200,220 62,231"/>
                <Baseline points="69,264 133,265 197,265 261,265 325,265 389,265 453,265 518,265 582,265 646,265 710,265 774,265 838,265 903,265 967,265 1031,265 1095,265 1159,265 1223,265 1288,265"/>
                <TextEquiv>
                    <Unicode>während die Umwandlung dem Gehör empfindlich wird in:</Unicode>
                </TextEquiv>
            </TextLine>
            <TextEquiv>
                <Unicode>während die Umwandlung dem Gehör empfindlich wird in:</Unicode>
            </TextEquiv>
        </TextRegion>
        <MusicRegion id="Music_1621432612850_2893" custom="readingOrder {index:2;} structure {type:floating;}">
            <Coords points="63,294 1311,294 1311,471 63,471"/>
        </MusicRegion>
        <TextRegion orientation="0.0" id="TextRegion_1621432460447_2878" custom="readingOrder {index:3;} structure {type:paragraph-continued;}">
            <Coords points="63,471 1311,471 1311,542 63,542"/>
            <TextLine id="line_1621432703150_2951" custom="readingOrder {index:0;} textStyle {offset:31; length:1;fontSize:0.0; kerning:0; superscript:true;}">
                <Coords points="153,521 1271,515 1201,475 153,479"/>
                <Baseline points="160,511 191,511 223,511 255,511 287,511 319,511 350,511 382,511 414,512 446,512 478,512 509,512 541,512 573,513 605,513 637,513 668,513 700,513 732,513 764,513 796,512 821,504 851,508 861,511 886,511 911,512 936,512 961,512 986,513 1011,513 1036,513 1062,513 1087,513 1112,513 1137,512 1162,512 1187,512 1212,512 1237,512 1263,512"/>
                <TextEquiv>
                    <Unicode>Der Theorie nach fügt sich as{ 1) tief unten im Bass</Unicode>
                </TextEquiv>
            </TextLine>
            <TextEquiv>
                <Unicode>Der Theorie nach fügt sich as{ 1) tief unten im Bass</Unicode>
            </TextEquiv>
        </TextRegion>
        <MusicRegion id="Music_1621432621831_2900" custom="readingOrder {index:4;} structure {type:floating;}">
            <Coords points="63,542 1311,542 1311,756 63,756"/>
        </MusicRegion>
        <TextRegion orientation="0.0" type="paragraph" id="TextRegion_1621432453886_2870" custom="readingOrder {index:5;} structure {type:paragraph;}">
            <Coords points="63,756 1311,756 1311,807 63,807"/>
            <TextLine id="line_1621432449841_2868" custom="readingOrder {index:0;}">
                <Coords points="56,804 519,803 532,769 442,756 370,770 56,755"/>
                <Baseline points="63,793 88,793 114,793 139,794 165,794 191,794 216,794 242,795 267,795 293,795 319,795 344,796 370,796 395,796 421,796 447,796 472,796 498,796 524,796"/>
                <TextEquiv>
                    <Unicode>Dann wäre zu setzen:</Unicode>
                </TextEquiv>
            </TextLine>
            <TextEquiv>
                <Unicode>Dann wäre zu setzen:</Unicode>
            </TextEquiv>
        </TextRegion>
        <GraphicRegion id="Graphic_1621432630615_2907" custom="readingOrder {index:6;} structure {type:floating;}">
            <Coords points="63,807 1311,807 1311,953 63,953"/>
        </GraphicRegion>
        <TextRegion orientation="0.0" id="TextRegion_1621432445555_2858" custom="readingOrder {index:7;} structure {type:paragraph-continued;}">
            <Coords points="63,953 1311,953 1311,1319 63,1319"/>
            <TextLine id="r1l21" custom="readingOrder {index:0;}">
                <Coords points="163,1010 1305,1011 1277,955 695,955 637,985 164,956"/>
                <Baseline points="171,997 227,997 283,998 339,998 396,999 452,999 508,999 565,999 621,1000 677,1000 734,1000 790,999 846,999 902,999 959,999 1015,999 1071,999 1128,999 1184,999 1240,998 1297,998"/>
                <TextEquiv>
                    <Unicode>Die Umwandlung des aufgelösten Dissonanzklanges in</Unicode>
                </TextEquiv>
            </TextLine>
            <TextLine id="r1l22" custom="readingOrder {index:1;} textStyle {offset:11; length:1;italic:true; fontSize:0.0; kerning:0;} textStyle {offset:12; length:1;fontSize:0.0; kerning:0; superscript:true;}">
                <Coords points="61,1067 1308,1059 1286,1020 61,1030"/>
                <Baseline points="68,1058 129,1058 191,1058 252,1057 314,1058 376,1058 437,1058 499,1058 560,1058 622,1058 684,1059 745,1059 807,1059 868,1059 930,1059 992,1059 1053,1058 1115,1058 1176,1057 1238,1056 1300,1055"/>
                <TextEquiv>
                    <Unicode>ein reines c+ geschieht schon unmittelbar durch die Auf¬</Unicode>
                </TextEquiv>
            </TextLine>
            <TextLine id="r1l23" custom="readingOrder {index:2;} textStyle {offset:10; length:1;italic:true; fontSize:0.0; kerning:0;} textStyle {offset:11; length:1;fontSize:0.0; kerning:0; superscript:true;} textStyle {offset:47; length:1;italic:true; fontSize:0.0; kerning:0;}">
                <Coords points="58,1140 1308,1126 1254,1083 1150,1115 1053,1083 59,1100"/>
                <Baseline points="66,1127 127,1126 189,1126 251,1126 312,1126 374,1126 436,1126 497,1127 559,1127 621,1127 683,1128 744,1128 806,1128 868,1128 929,1128 991,1128 1053,1127 1114,1127 1176,1126 1238,1125 1300,1124"/>
                <TextEquiv>
                    <Unicode>nahme des c0-Elementes. Im ersten Accorde kann a} hin¬</Unicode>
                </TextEquiv>
            </TextLine>
            <TextLine id="r1l24" custom="readingOrder {index:3;}">
                <Coords points="57,1196 1306,1188 1279,1148 57,1155"/>
                <Baseline points="65,1184 126,1185 188,1185 249,1186 311,1186 373,1186 434,1187 496,1187 558,1187 619,1187 681,1187 743,1187 804,1187 866,1187 928,1187 989,1186 1051,1186 1113,1186 1174,1185 1236,1185 1298,1184"/>
                <TextEquiv>
                    <Unicode>zugenommen werden, ohne Beeinträchtigung des Verständ¬</Unicode>
                </TextEquiv>
            </TextLine>
            <TextLine id="r1l25" custom="readingOrder {index:4;}">
                <Coords points="62,1259 1316,1256 1316,1221 1231,1204 62,1219"/>
                <Baseline points="70,1248 131,1247 193,1247 255,1247 317,1247 379,1247 441,1247 503,1248 565,1248 627,1248 689,1249 750,1249 812,1249 874,1249 936,1249 998,1249 1060,1248 1122,1248 1184,1247 1246,1246 1308,1245"/>
                <TextEquiv>
                    <Unicode>nisses. Mit vorstehender Dissonanz darf nicht identificirt</Unicode>
                </TextEquiv>
            </TextLine>
            <TextLine id="r1l26" custom="readingOrder {index:5;}">
                <Coords points="62,1313 223,1314 223,1276 174,1274 166,1266 151,1268 141,1276 62,1276"/>
                <Baseline points="70,1306 99,1305 128,1306 157,1306 186,1306 216,1304"/>
                <TextEquiv>
                    <Unicode>werden</Unicode>
                </TextEquiv>
            </TextLine>
            <TextEquiv>
                <Unicode>Die Umwandlung des aufgelösten Dissonanzklanges in&#13;
ein reines c+ geschieht schon unmittelbar durch die Auf¬&#13;
nahme des c0-Elementes. Im ersten Accorde kann a} hin¬&#13;
zugenommen werden, ohne Beeinträchtigung des Verständ¬&#13;
nisses. Mit vorstehender Dissonanz darf nicht identificirt&#13;
werden</Unicode>
            </TextEquiv>
        </TextRegion>
        <GraphicRegion id="Graphic_1621432639960_2914" custom="readingOrder {index:8;} structure {type:floating;}">
            <Coords points="63,1319 1311,1319 1311,1401 63,1401"/>
        </GraphicRegion>
        <TextRegion orientation="0.0" type="paragraph" id="TextRegion_1621432439559_2850" custom="readingOrder {index:9;} structure {type:paragraph;}">
            <Coords points="63,1401 1311,1401 1311,1582 63,1582"/>
            <TextLine id="r1l29" custom="readingOrder {index:0;}">
                <Coords points="66,1451 1305,1444 1263,1403 66,1405"/>
                <Baseline points="74,1441 135,1442 196,1442 257,1442 318,1443 379,1443 440,1443 502,1443 563,1443 624,1444 685,1444 746,1444 807,1444 868,1444 930,1444 991,1444 1052,1444 1113,1444 1174,1443 1235,1443 1297,1443"/>
                <TextEquiv>
                    <Unicode>die wir sogleich untersuchen wollen. — Diese Art Auflö¬</Unicode>
                </TextEquiv>
            </TextLine>
            <TextLine id="r1l30" custom="readingOrder {index:1;} textStyle {offset:16; length:1;italic:true; fontSize:0.0; kerning:0;}">
                <Coords points="58,1512 1049,1524 1312,1515 1312,1475 58,1479"/>
                <Baseline points="66,1502 127,1502 189,1502 251,1503 313,1503 375,1503 437,1504 499,1504 561,1504 623,1504 685,1504 746,1504 808,1505 870,1505 932,1505 994,1505 1056,1505 1118,1505 1180,1505 1242,1505 1304,1505"/>
                <TextEquiv>
                    <Unicode>sung, in unsere d-Systeme, auf die ihnen eigenthümlichen</Unicode>
                </TextEquiv>
            </TextLine>
            <TextLine id="r1l31" custom="readingOrder {index:2;}">
                <Coords points="67,1575 1059,1568 1005,1523 931,1552 798,1523 67,1535"/>
                <Baseline points="75,1562 123,1562 172,1562 221,1562 270,1563 319,1563 367,1564 416,1564 465,1564 514,1565 563,1565 611,1565 660,1566 709,1566 758,1566 807,1566 855,1566 904,1566 953,1566 1002,1566 1051,1565"/>
                <TextEquiv>
                    <Unicode>verminderten Septimenaccorde übertragen, gäbe</Unicode>
                </TextEquiv>
            </TextLine>
            <TextEquiv>
                <Unicode>die wir sogleich untersuchen wollen. — Diese Art Auflö¬
sung, in unsere d-Systeme, auf die ihnen eigenthümlichen
verminderten Septimenaccorde übertragen, gäbe</Unicode>
            </TextEquiv>
        </TextRegion>
        <GraphicRegion id="Graphic_1621432653430_2921" custom="readingOrder {index:10;} structure {type:floating;}">
            <Coords points="63,1582 1311,1582 1311,1942 63,1942"/>
        </GraphicRegion>
        <TextRegion orientation="0.0" id="TextRegion_1621432427418_2842" custom="readingOrder {index:11;} structure {type:paragraph-continued;}">
            <Coords points="63,1942 1311,1942 1311,2139 63,2139"/>
            <TextLine id="r1l36" custom="readingOrder {index:0;}">
                <Coords points="178,1987 1313,1993 1270,1939 178,1938"/>
                <Baseline points="185,1978 241,1980 297,1981 353,1981 409,1982 465,1982 521,1983 577,1983 633,1983 689,1983 745,1983 801,1983 857,1983 913,1983 969,1983 1025,1982 1081,1983 1137,1983 1193,1983 1249,1983 1305,1984"/>
                <TextEquiv>
                    <Unicode>Die erste Auflösung und weitere Behandlung gehört in</Unicode>
                </TextEquiv>
            </TextLine>
            <TextLine id="r1l37" custom="readingOrder {index:1;} textStyle {offset:18; length:1;italic:true; fontSize:0.0; kerning:0;}">
                <Coords points="65,2051 1318,2044 1261,2002 66,2009"/>
                <Baseline points="74,2042 135,2042 197,2041 259,2041 321,2042 383,2042 445,2042 506,2042 568,2043 630,2043 692,2043 754,2044 816,2044 878,2044 939,2044 1001,2044 1063,2044 1125,2044 1187,2043 1249,2043 1311,2042"/>
                <TextEquiv>
                    <Unicode>das halbphonische d-System, das andere in das halbtonische</Unicode>
                </TextEquiv>
            </TextLine>
            <TextLine id="r1l38" custom="readingOrder {index:2;} textStyle {offset:0; length:1;italic:true; fontSize:0.0; kerning:0;} textStyle {offset:48; length:1;italic:true; fontSize:0.0; kerning:0;}">
                <Coords points="57,2113 1297,2117 1310,2065 57,2072"/>
                <Baseline points="64,2100 125,2101 187,2102 249,2102 311,2102 373,2103 435,2103 497,2103 559,2104 621,2104 683,2104 744,2104 806,2104 868,2104 930,2104 992,2104 1054,2104 1116,2105 1178,2105 1240,2105 1302,2105"/>
                <TextEquiv>
                    <Unicode>d-System, und kann sogleich die Modulation nach b{-dur und</Unicode>
                </TextEquiv>
            </TextLine>
            <TextEquiv>
                <Unicode>Die erste Auflösung und weitere Behandlung gehört in&#13;
das halbphonische d-System, das andere in das halbtonische&#13;
d-System, und kann sogleich die Modulation nach b{-dur und</Unicode>
            </TextEquiv>
        </TextRegion>
        <TextRegion orientation="0.0" type="footnote" id="TextRegion_1621432423065_2838" custom="readingOrder {index:12;} structure {type:footnote;}">
            <Coords points="63,2139 1311,2139 1311,2293 63,2293"/>
            <TextLine id="r1l39" custom="readingOrder {index:0;} textStyle {offset:20; length:8;fontSize:0.0; kerning:0; letterSpaced:true;}">
                <Coords points="164,2257 843,2260 868,2243 868,2212 676,2230 165,2212"/>
                <Baseline points="172,2245 206,2245 240,2245 275,2245 309,2246 344,2246 378,2246 412,2247 447,2247 481,2247 516,2248 550,2248 584,2248 619,2248 653,2248 688,2248 722,2248 756,2247 791,2247 825,2245 860,2244"/>
                <TextEquiv>
                    <Unicode>1) So z. B. bei Fr. Schubert „Am Meer.”</Unicode>
                </TextEquiv>
            </TextLine>
            <TextEquiv>
                <Unicode>1) So z. B. bei Fr. Schubert „Am Meer.”</Unicode>
            </TextEquiv>
        </TextRegion>
    </Page>
</PcGts>
