1502 2450
782 107 966 172 16
298 213 1445 267 4) Da Quinte und Terz zusammen das Intervall der
195 284 1438 331 grossen Septime bilden, so stehen je zwei in der Diagonale
193 337 1439 387 von links unten nach rechts oben nebeneinander stehende
201 395 1431 444 Töne in dem genannten Verhältniss, oder in dem der Um¬
197 449 1430 501 kehrung, des grossen Halbtones 15:16, und deren Erweite¬
203 511 1445 566 rungen. — (In dieser Diagonale finden wir alle auf- und
200 578 1394 643 absteigenden Leittöne einer Tonart: h} c′ oder c des{). —
302 667 1445 717 Hiemit wäre die Bedeutung derjenigen acht Töne, die
191 724 1451 778 in der Tabelle einen Ton umgeben, in ihrer Beziehung zu
200 786 1432 852 diesem letzteren erkannt. — Dem Leser sei es überlassen,
194 854 1441 899 die später vorkommenden Intervalle sich auf der Tabelle zu
195 907 1446 963 vergegenwärtigen. Ueber die Auffindung der entsprechenden
199 963 1437 1020 Bezeichnung der Töne, wenn die Schwingungszahlen gege¬
196 1027 1442 1076 ben, oder umgekehrt, mag folgende Andeutung hier Platz
202 1084 1440 1141 finden: Man denke sich jede Schwingungszahl in ihre Prim¬
201 1146 1450 1197 faktore zertheilt, welch letztere nur aus den Zahlen 2, 3
203 1201 1441 1259 und 5 bestehen sollen, zähle von c aus so viel Töne nach
195 1272 1440 1316 rechts, als die Zahl 3 als Faktor vorkommt, und weiter von
203 1322 1438 1388 hier aus so viel nach oben, als 5 als Faktor vorkommt;
197 1378 1432 1436 der Faktor 2 wird nicht berücksichtigt. — Sind die Schwin¬
197 1451 1426 1505 gungszahlen durch Brüche ausgedrückt, immer c = 1 voraus¬
205 1515 1432 1571 gesetzt, so verfährt man ebenso mit dem Nenner des Bruches,
198 1563 1442 1620 suche nun aber von der Rechten zur Linken und von oben
200 1634 1445 1676 nach unten fortgehend den Ton auf. Man suche die Namen
198 1719 1438 1797 der Töne $$MATH. Für $$MATH giebt, von c = 1 ausgegangen,
191 1835 1452 1916 $$MATH den Ton h}, für $$MATH giebt $$MATH den Ton d und $$MATH den
197 1922 1275 1971 Ton f d. h. eine Quinte zur Linken von c — also
208 2004 1452 2092 $$MATH = h} d f — Soll d f a} bestimmt werden, so findet man
