1502 2450
639 105 819 179 41
152 210 1303 276 Pag. 420 im Helmholtzschen Werke heisst es: „Wenn
50 275 1286 333 der Hörer weiss, dass auf anderen Instrumenten und im Ge¬
53 332 1286 403 sange die Terzen und Sexten als natürliche und direct ver¬
56 394 1290 452 wandte Klänge hervorgetreten sind, so lässt er sie als wohl¬
57 451 1292 515 bekannte Intervalle auch gelten, wenn sie von einer Flöte
56 515 1298 563 oder von weichen Orgelregistern vorgetragen werden”. Das
52 581 1295 636 „Wissen” beruht auf einer physiologisch motivirten Empfin¬
53 631 1284 695 dung, das „Geltenlassen” ist eine psychologische Thätigkeit,
49 697 1299 756 zu welcher wir uns mit Hülfe unserer Sinne herangebildet
53 747 193 797 haben.
155 811 1290 859 Nicht ganz kann ich desshalb beistimmen, wenn es wei¬
51 870 1295 932 ter a. a. O. heisst: „Doch kann ein in der Erinnerung be¬
57 938 1295 988 wahrter Eindruck nicht dieselbe Frische und Kraft haben,
58 993 1290 1051 wie ein solcher unmittelbarer Empfindung”. Und ferner:
59 1042 1300 1108 „Da die Stärke der Verwandtschaft von der Stärke der
61 1107 1293 1163 gleichen Obertöne abhängt, und die Obertöne von höherer
57 1162 1287 1212 Ordnungszahl schwächer zu sein pflegen, als die von niede¬
54 1234 1297 1291 rer Ordnungszahl, so ist die Verwandtschaft zweier Klänge
54 1282 1297 1330 im Allgemeinen desto schwächer, je grösser die Ordnungs¬
59 1339 1287 1406 zahlen der coïncidirenden Obertöne sind”. — Gegen die Be¬
64 1404 1302 1459 merkung über die Frische des Eindruckes lässt sich kaum
62 1458 1296 1508 etwas einwenden; gehörte Musik wird lebendiger, wenigstens
64 1528 1301 1588 unmittelbar, empfunden, als gedachte Musik, obgleich der
62 1572 1300 1628 umgekehrte Fall keineswegs undenkbar wäre; was aber den
61 1627 1295 1692 Grad der Verwandtschaft der Klänge anbetrifft, so glaube
64 1690 1294 1747 ich, dass derselbe nicht von der Klangfarbe der einzelnen In¬
66 1762 1298 1811 strumente abhängig sein kann, und möchte den Ausdruck
86 1820 1290 1875 „im Allgemeinen” auch wirklich allgemein und überall gel¬
68 1867 1285 1932 ten lassen. Oder wollte man behaupten, dass für die Cla¬
64 1931 1294 1986 rinette und für gedackte Pfeifen, die bekanntlich nur unge¬
70 1986 1298 2044 rade Obertöne haben 1), eine nähere Verwandtschaft zwischen
68 2051 1297 2115 Grundton und Duodecime besteht, als zwischen Grundton und
149 2186 678 2243 1) Helmholtz, l. c. pag. 158.
