1502 2450
624 147 811 204 45
52 258 1292 307 nischen g-Klang auffassen. Die hinzutretende Oberterz
58 323 1285 372 e} läugnet nun den phonischen g-Klang; denn kein g kann
55 385 1286 443 Oberton von e} sein, dagegen wird das tonische c verstärkt
49 452 1279 500 in dieser seiner Bedeutung. — Umgekehrt läugnet das hin¬
54 518 1291 573 zutretende es{ in c—es{—g den tonischen c-Klang, denn es{ kann
46 572 1291 627 nie Bestandtheil von c sein, dagegen wird die phonische
59 647 1287 700 g-Klang Bedeutung vermehrt, stärker und einhellig hervor¬
56 692 1282 755 gehoben. — Dort wird das phonische Element des Quint¬
56 754 1286 805 intervalles im Duraccord getrübt, hier das tonische Element
54 821 1281 875 des Quintintervalles. Das reine Quintintervall ist zwar rein,
54 874 1282 924 aber doppeldeutig, unbestimmt, ja unbefriedigend. In die¬
49 939 1285 984 sem Sinne nun nenne ich den Molldreiklang einen phoni¬
60 995 1288 1058 schen Klang, während der Durdreiklang ein tonischer Klang
61 1052 1280 1107 ist. — Genauer aber, hat jeder dieser Accorde ein conso¬
59 1114 1247 1162 nirendes und dissonirendes Element. Der Duraccord c —
58 1171 1282 1235 e} — g ist tonisch consonant, und phonisch dissonant,
64 1232 1280 1284 der Mollaccord ist phonisch consonant, tonisch dissonant.
53 1298 1278 1356 — Das Consonante in beiden ist das positive, das Verständ¬
56 1355 1283 1402 niss vermittelnde Moment, das Dissonante dagegen wird von
60 1411 1285 1459 anderer Seite her von grösster Bedeutung für die Harmonie¬
62 1467 1291 1524 folge; wir haben später die Leitton-Bedeutung, die dem
61 1539 1292 1604 Duraccorde c—e}—g mit seinem phonischen Oberton h}, dem
53 1596 1282 1667 Mollaccorde c—es{—g mit dem tonischen Grundton as{ zukommt,
53 1659 1289 1713 zu erörtern. Fortan sollen im Sinne der vorstehenden Be¬
59 1720 1278 1787 gründung die tonischen Klänge durch ein Kreuz, die phoni¬
57 1786 1291 1843 schen durch eine 0 bezeichnet werden. Wir schreiben den
62 1844 1276 1917 Duraccord c — e} — g = c+, den Mollaccord c — es{ — g = g0,
58 1915 1283 1972 der erstere ist ein tonischer c-Klang, der letztere ein pho¬
64 1975 399 2052 nischer g-Klang.
157 2029 1288 2099 Von höchstem Interesse ist nun, nach Feststellung die¬
65 2099 1284 2155 ser Begriffe, die Auffassung Hauptmann's p. 34 und 35.
151 2153 1283 2231 „Der Molldreiklang, als ein umgekehrter Durdreiklang,
63 2219 1282 2268 wird in der Bedeutung, dass mah ihn von einer negativen Ein¬
