1502 2450
662 114 933 172 268
187 228 1420 276 vertreten war, und in der ersteren der Ton d seine Stim¬
181 283 460 348 mung ändert.
286 345 1434 396 In der Erinnerung an die Klangbedeutung des ersten
184 402 1434 452 Accordes ist hier der 3te vorgreifend erfasst, so dass der
188 459 881 516 4te mit dem 1sten identisch wird.
279 523 1433 571 Nun ist der 5te Accord, je nach der Auflösung, wie
185 578 1427 634 vorstehend zu verständigen, oder er wird identisch mit dem
189 643 1417 691 2ten, wenn die Auflösung = g+ oder d0 wobei kein enhar¬
182 698 829 757 monischer Wechsel nothwendig.
292 1282 1442 1327 Wenn hiernach die Stimmung durch mehre Accorde
181 1342 1428 1395 hiedurch zweifelhaft bleibt, so wird auch die Intonation un¬
186 1404 1440 1451 sicher werden müssen. Die Auflösung nach e+ dürfte vom
182 1460 1436 1513 Zuhörer vielleicht am wenigsten erwartet werden, weil ein
183 1523 1442 1571 Fortschreiten nach einer Richtung in lauter Quintschritten
184 1579 506 1644 sehr ungefällig.
296 1642 1433 1692 Welche Auflösung auch erfolgen mag, niemals gelangen
190 1710 1429 1756 wir durch eine Folge von verminderten Septimenaccorden
187 1763 1429 1812 aus der herrschenden Quintgeneration hinaus. Hiedurch
182 1819 1432 1875 unterscheidet sich diese Folge wesentlich von einer anderen,
188 1884 929 1932 die wir bald kennen lernen werden.
291 1946 1425 2001 Innerhalb eines Tonsystemes giebt es höchstens einen
177 2010 1422 2059 verminderten Septimenaccord, im combinirten halbton. und
182 2066 1426 2116 halbphon. deren zwei. Es ist gewiss bedeutsam, dass ein
177 2123 1411 2178 dritter sich nicht einfindet, und nur auf dem Wege der Mo¬
182 2186 976 2253 dulation zu gewinnen ist. Die Folge
