1502 2450
756 114 837 164 22
168 218 1416 266 ner Regel die Ohm angab, besteht die Thätigkeit des
170 281 1406 324 Ohres darin, „jede Luftbewegung, welche einer zusammen¬
178 338 1410 396 gesetzten Klangmasse entspricht, in eine Summe von ein¬
173 395 1405 444 fachen Schwingungen zu zerlegen, und jeder einfachen Schwin¬
170 464 1406 510 gung entspricht ein Ton, dessen Tonhöhe durch die Schwin¬
176 514 1406 571 gungsdauer der entsprechenden Luftbewegung bestimmt ist”.
173 571 1411 635 Nun hat der Mathematiker Fourier ein Gesetz bewiesen,
175 636 1411 684 das sich auf die mathematische Darstellung einer gege¬
174 692 1412 740 benen Bewegung bezieht, und welches auf vorliegenden
174 755 1416 812 Fall angewandt, folgendermassen von Helmholtz 1) ausge¬
178 810 1410 859 sprochen wurde: — „Jede beliebige periodische Schwin¬
172 881 1416 931 gungsform kann aus einer Summe von einfachen Schwingun¬
177 933 1413 988 gen zusammengesetzt werden, deren Schwingungszahlen ein,
169 987 1408 1044 zwei, drei u. s. w. Mal so gross sind, als die Schwingungs¬
170 1051 1413 1100 zahl der gegebenen Bewegung” und zwar kann solch eine
178 1112 1415 1171 periodische Bewegung „nur in einer einzigen Weise und in
180 1170 1424 1220 keiner anderen dargestellt werden als Summe einer gewissen
177 1230 858 1291 Anzahl einfacher Schwingungen”.
272 1283 1417 1338 Der Ohmschen Regel und dem Fourierschen Gesetze
177 1346 1421 1406 gemäss zerlegt das Ohr stets jeden vernommenen Klang
176 1403 1417 1460 in eine Summe von einfachen Tönen. Auf welche Weise das
178 1467 1414 1523 geschieht, erklärt Helmholtz durch das Theorem des Mit¬
174 1531 345 1580 tönens.
280 1586 1417 1651 „Wenn Körper”, gespannte Saiten oder Membranen,
177 1643 1413 1708 „von regelmässig wiederkehrenden Stössen getroffen werden,
178 1714 1413 1764 von denen jeder einzelne viel zu unbedeutend ist, um eine
178 1763 1410 1812 merkliche Bewegung des schwingungsfähigen Körpers her¬
181 1827 1417 1875 vorzubringen, so können dennoch starke und ausgiebige
179 1882 1414 1932 Schwingungen des genannten Körpers entstehen, wenn die
168 1940 1425 1991 Periode jener schwachen Anstösse genau gleich ist
177 2003 1415 2059 der Periode seiner eigenen Schwingungen. Wenn
171 2059 1419 2111 aber die Periode der regelmässig sich wiederholenden Stösse
267 2194 768 2243 1) Helmholtz, l. c. pag. 56.
