1502 2450
42 482 1266 540 I. Begriff des Tonsystems. Begränzung des Tonmaterials.
131 588 1272 653 Von dem Prinzip der Tonalität und Phonalität aus
44 650 1252 699 haben wir zwei Tonsysteme entwickelt, die zu einander ei¬
43 707 1265 756 nen vollendeten Gegensatz bildeten. Die leitenden Gesichts¬
38 778 1260 827 punkte waren diese: Zu einem frei gewählten Tone, Tonica
38 827 1260 883 oder Phonica genannt, wurden zunächst diejenigen Töne
41 891 1262 940 hinzugefügt, die unzweideutig bestimmte tonisch und phonisch
43 947 1266 999 dargestellte Klänge ergaben. Damit der auf diese Weise
48 1010 1264 1067 gewonnene Klang als Mittelpunkt eines Klangsystems er¬
41 1067 1259 1123 scheine, wurden je zwei in Quintintervallen abstehende Töne
46 1130 1252 1179 und das zur Herstellung ihrer Klänge erforderliche Tonma¬
37 1186 1265 1236 terial genommen und es entstanden dadurch Tonsysteme von
39 1244 1260 1308 je sieben Tönen. Wir können uns jetzt die Frage stellen,
36 1306 1256 1371 ob nicht die Bestandtheile eines Tonsystemes auch vermehrt,
40 1371 1262 1419 die Anzahl der Töne vergrössert werden kann, und dann:
41 1426 1267 1480 ob nicht anders gewählte sieben Töne zu einem Systeme
43 1491 1264 1540 verbunden werden können. Um diese Frage zu beantworten
42 1548 1264 1595 müssen wir bestimmen, was wir unter einem System ver¬
40 1610 1262 1658 stehen wollen. Als erste Anforderung stellen wir die be¬
39 1667 1270 1715 reits früher gegebene Begriffsbestimmung der Tonalität
46 1731 1265 1779 und Phonalität hin: — „Sämmtliche Töne eines Systemes
41 1787 1266 1837 müssen mit einem, den wir als Mittelpunkt desselben an¬
41 1851 1263 1899 sehen nah verwandt sein.” Nehmen wir für den Hauptton
45 1907 1270 1956 des Systems die Schwingungszahl 1 an, so müssen die
37 1971 1279 2020 übrigen die Faktoren 3 oder 5 sowohl im Zähler als im
43 2027 1268 2077 Nenner ihrer Schwingungszahlen enthalten. Suchen wir uns
37 2089 1271 2134 möglichst zu beschränken, so wird der Faktor 3 doch 2
45 2147 1274 2202 mal vorkommen müssen, sobald wir den vollkommenen Klang
46 2206 1272 2259 der Quinte des Mitteltones nach oben oder unten darstellen
