1502 2450
515 106 804 171 97
142 651 1280 700 Dem musikalischen Sinn des Olympos wird hier zuge¬
46 707 1290 772 muthet, den Lichanos g auszulassen, um das gis}} in allen
50 779 1277 827 Harmonieen durchzuhören. Wie oft würde die Harmonisi¬
47 835 1287 891 rung fremdländischer Volksgesänge besser gelingen, wenn
39 900 1281 956 man nur die normal-phonische Cadenz im Auge hätte, statt
47 955 1280 1005 des hier vorliegenden Dominantschlusses, den ein naturwüch¬
48 1025 1281 1070 siges, aber tief melodisch gebildetes Ohr, garnicht als vollen
46 1075 1290 1122 Schluss anerkennt. — Sollte nicht die folgende Harmonisi¬
41 1132 1290 1187 rung, in welcher nur die Bestandtheile der dorischen Skala
46 1193 805 1260 gebraucht sind, entsprechender sein?
154 1722 1285 1771 Das moderne gis}} verstösst hart gegen die „Ehrwürdig¬
43 1786 752 1844 keit des dorischen Geschlechts” 1).
145 1843 1299 1892 Die Einführung solch eines aufsteigenden Leittones
49 1891 1298 1956 droht von der europäischen Musik aus missbildend auf
54 1956 1289 2011 die Volksmelodieen entfernterer Nationen einzuwirken. Fort¬
47 2019 1294 2079 lage führt folgenden interessanten Fall an 2). Eine der
158 2151 701 2198 1) Ambros, l. c. Bd. I, pag. 383.
154 2203 633 2260 2) Fortlage, l. c. pag. 130.
