1502 2450
651 132 854 190 293
80 227 1319 290 Lobe hat gewiss in vielen Stücken Recht, wenn er die her¬
85 291 1318 356 gebrachten Theorieen rügt. Derselbe Vorwurf aber wird
85 357 1323 412 und muss auch sein System treffen, so lange er die Begriffe
87 405 1324 467 Tonica und Dominante in ganz gleicher Art für Dur- und
86 475 582 540 Moll-Systeme anwendet.
190 547 1324 604 Am schlimmsten ist die Verbannung des rein phonischen
89 603 1318 666 Geschlechts aus der europäischen Musik. Gerade Bach,
98 666 1319 724 der stets als Muster für alle Jünger der Musik dagestanden,
90 731 1319 787 kannte ausschliesslich das rein tonische und das halbpho¬
85 787 457 844 nische Geschlecht.
191 858 1321 916 Es hat die Theorie der Fuge die Aufgabe, die An¬
96 923 1329 971 wendung aller für das tonische oder Dur-System gefundenen
91 978 1314 1034 Regeln im symmetrischen Gegensatz auf das phonische Ge¬
81 1048 1324 1092 schlecht zu prüfen, dann aber die nothwendigen Abweichun¬
83 1110 1320 1163 gen, die für das halbphonische Geschlecht gefordert werden,
87 1163 1315 1212 auf das nicht minder berechtigte halbtonische zu übertragen.
192 1235 1325 1284 Auch für die Lehre vom Orgelpunkt dürfte sich manch
84 1292 1325 1348 neuer Gesichtspunkt ergeben, wenn man, wie im Dur-Systeme
87 1355 1325 1401 über Dominante oder Tonica, jetzt im phonischen unter
79 1412 1316 1469 Regnante oder Phonica die Harmonieen zu erbauen versucht.
190 1490 1323 1547 Es liegt ein besonderer Reiz darin, von einer neuen,
85 1547 1319 1603 bestimmten, theoretischen Vorstellung aus das reiche Mate¬
81 1611 1313 1659 rial der Kunst zu durchforschen. In keinem Gebiete der prak¬
78 1665 1322 1724 tischen Musik dürften zudem die „Fesseln des Grundbasses”
84 1731 1224 1779 weniger empfindlich sein, als gerade in dem der Fuge.
190 1804 1322 1846 Wesshalb ich weiteren Forschungen zu entsagen ge¬
74 1859 1314 1916 zwungen bin, darüber habe ich schon im Vorwort mich aus¬
81 1922 1314 1988 gesprochen. Der Kampf gegen Gewohnheit und Vorurtheil,
78 2063 1315 2115 sekunde (B-moll), wir würden statt dessen solche in die Paralleltonart (phon. c)
81 2107 1319 2148 und deren Regnante (phon. f) sehen. Ebenso in Nachahmung XI., wo Lobe
79 2154 1316 2195 angiebt: (gemischt) kleine Unterterz (F-moll), grosse Oberterz (C-moll), da haben
75 2188 1066 2235 wir die Leit-Tonart von as{, nämlich g, und zwar halbphonisch g.
