1502 2450
737 104 850 166 130
167 207 1405 269 sahen schon vorhin, wie ohne Zweifel durch blosse Umkehr
165 274 1399 326 eines Ganges (Bass-Thema der Egmont-Ouverture) wir aus
163 328 1403 387 einer Tonart in die antinome Leit-Tonart uns versetzt sahen.
163 392 1406 444 Eine vollständige Cadenz, d. h. ein der Leittonart angehö¬
163 450 1412 515 render Ganzschluss ist aber desshalb nicht möglich, weil
165 503 1412 572 eben ein Hauptaccord, der der untergeordneten Seite, und
162 568 1414 653 ausserdem noch je die Septimen fehlen. (Unterseptime fis}
167 643 1416 702 in phon. h}, und Oberseptime b in ton. f). Die Modulation
169 704 1410 757 in die Leittonart ist desshalb eine viel entschiedenere als die
163 762 1417 820 in die Paralleltonart. Welche von beiden näher verwandt
162 825 1400 877 ist kaum zu entscheiden. Bei dieser war eine enharmoni¬
163 891 1412 941 sche Verwechslung nöthig, d. h. Veränderung eines Tones
159 938 1404 1053 d in d} um ein griechisches Komma ($$MATH), bei jener, der Leit¬
169 1057 1416 1174 tonart, die Verwandlung um ein kleines Limma $$MATH oder
169 1177 713 1293 $$MATH, f} in fis oder h} in b.
271 1296 1413 1354 Dass die Leittonarten so nahe verwandt sind, ist ein¬
164 1359 1420 1418 mal desshalb übersehen worden, weil die Tonalität, einseitig
169 1426 1420 1478 angewandt, die wahre Beziehung verdeckte, es hiess stets
165 1488 1421 1545 c-dur sei mit der Molltonart der Terz e} verwandt, und analog
170 1551 1411 1599 e-moll sei verwandt mit dem Dursystem der 6ten Stufe!
179 1603 1415 1661 Wer konnte in dieser Terz und vollends in dieser 6ten Stufe
168 1665 1409 1717 ein Leittonverhältniss und zwar ein so vollständig gegen¬
164 1731 1415 1779 sätzlich symmetrisches erkennen, wie wir er so eben vor uns
168 1783 1408 1838 sahen. Noch mehr aber wurde die nahe Verwandtschaft
170 1840 1402 1909 dadurch verdeckt, dass man statt der Phonica h}, die [Do¬
168 1921 1404 1974 minante] h} in e}-moll suchte, und desshalb im gemischten Ge¬
171 1984 1409 2053 schlechte den Accord h} — dis}} — fis} bildete, mithin durch
166 2061 1416 2123 den Ton dis}} eine neue Abweichung vom ton. c-System
