1502 2450
794 139 831 196 6
194 246 1430 308 sei, ebenso wie der vierte, ganz besonders der Kritik der
189 309 1438 363 Musiker empfohlen. Ich bin davon überzeugt, dass viele
193 370 1441 428 sich dahin äussern werden, es läge hier nichts Neues
194 419 1438 480 vor. Andere werden mit Ungunst meinen, es enthalte
191 497 1433 541 das Ganze nur Neues, und Neuerungen sind meist un¬
197 553 1430 604 lieb. Ich bin auf Beides gefasst. Mir lag nirgend daran,
197 595 1430 666 zu Recht Bestehendes umzuwerfen. Eine consequente Theo¬
202 658 1441 724 rie verbannt alle Willkühr. Der logische Zusammenhang
191 727 1435 780 fordert neue Bezeichnungen für längst gewohnte und bekannte
192 787 1439 839 Gebilde. Wenn in hergebrachter Weise Moll den absoluten
201 834 1442 899 Gegensatz von Dur bezeichnet, so musste ich den Namen
198 904 1438 958 Moll, um Verwirrung zu vermeiden, verwerfen. Eine im
196 966 1427 1020 Geiste des vorliegenden Harmoniesystems begründete zweck¬
198 1026 1441 1076 mässige Terminologie wird zu den schwierigeren Aufgaben
198 1088 1431 1140 der Zukunft gehören. Nur wenige durch den Gegensatz be¬
198 1145 1443 1195 dingte Namen, ohne welche die Darstellung hätte leiden
203 1201 1446 1258 müssen, habe ich mir einzuführen erlaubt. Dass die jetzt
205 1273 1436 1323 gebräuchliche Nomenclatur, die an die Begriffe des Fun¬
205 1316 1427 1371 damentalbasses gekettet ist, nicht lange mehr wird genü¬
203 1381 1254 1443 gen können, das, scheint mir, liegt auf der Hand.
305 1435 1442 1492 Ob unsere Theorie sich fruchtbar erweist, wird Jeder¬
203 1492 1442 1556 mann im Stande sein zu beurtheilen, wenn er die auffallend
199 1562 1439 1617 einfachen Deutungen solcher dissonirender Gebilde, wie des
200 1625 1445 1675 verminderten Septimenaccordes, des übermässigen Sextenac¬
201 1684 1450 1731 cordes kennen lernt. Solche Thatsachen, wie die, dass die
200 1731 1432 1795 Septime im Dominantseptimenaccorde eine Umdeutung erfährt,
206 1795 1438 1859 je nachdem der letztere in einen Dur- oder einen Molldrei¬
207 1851 1439 1906 klang aufgelöst wird, sind Beweis dafür, dass hier ein de¬
201 1921 1443 1966 ductiver Weg vorgezeichnet ist, auf dem man weiter fort¬
206 1979 615 2035 zuschreiten vermag.
316 2035 1447 2085 Der Leser mag es freundlichst entschuldigen, wenn in
211 2102 1458 2148 dem zunächst folgenden ersten Abschnitte manch trockene
208 2148 1453 2203 mathematische Erörterung ihm in den Weg tritt. Um der
214 2211 1447 2275 Vollständigkeit wegen ist dieselbe etwas ausführlicher gege¬
