1502 2450
657 106 953 155 36
296 786 1428 836 Es ist zu bedauern, dass die allgemein übliche Bezeich¬
196 843 1443 895 nung der absoluten Tonhöhe nicht eine symmetrische ist, sonst
201 907 1435 955 würde man leichter übersehen, dass die phonischen Parti¬
197 963 1430 1027 alklänge eines Durdreiklanges, wie wir sie nennen können,
195 1035 1428 1083 nämlich e}″, g′, h}‴, grade ebenso weit vom Dreiklangs¬
199 1091 1418 1153 grundton c entfernt liegen, wie die tonischen Par¬
198 1154 1430 1206 tialklänge As{‚‚‚, C, Es{‚, von der Quinte g des Molldrei¬
189 1219 1441 1274 klanges. Ebenso sind die drei tonischen C Klänge
191 1282 1437 1331 im Dur-, und die drei phonischen G Klänge im
194 1338 1433 1393 Molldreiklange symmetrisch zu den Accordtönen gelegen.
299 1395 1438 1452 Nach Allem bisher erörterten lässt sich leicht folgender
189 1458 717 1520 Satz allgemein erkennen:
333 1514 1435 1572 „Wird ein Zusammenklang mehrerer Töne durch
192 1578 1437 1628 Brüche oder ganze Zahlen, dargestellt, desgleichen ein
190 1636 1440 1687 anderer Zusammenklang durch die reciproken Werthe
199 1699 1428 1755 jener ersten Zahlen gegeben, so ist bei jenem der General¬
196 1754 1426 1820 nenner eben so gross, wie bei diesem der Generalzähler,
193 1818 1438 1865 und umgekehrt, — d. h. der tonische Grundton des
196 1889 1426 1932 ersten Zusammenklanges liegt ebensoweit von dem
203 1939 1428 1988 Ausgangstone 1 desselben entfernt, wie der phoni¬
198 1995 1433 2050 sche Oberton des reciproken Klanges von dessen
199 2051 1429 2108 Ausgangstone 1. Und umgekehrt: der phonische Ober¬
193 2115 1429 2171 ton des ersten Accordes hat dieselbe Lage zum
197 2171 1431 2228 Ausgangstone, wie der tonische Grundton des zwei¬
