1502 2450
687 107 941 155 212
209 210 1431 258 dem oft erwähnten Prinzip und „vor ihm andere Tonsysteme
208 267 1437 318 aus anderen Prinzipien entwickelt worden seien,” so müssten
210 333 1432 388 solche gefunden und namhaft gemacht werden können, widri¬
217 387 1431 444 genfalls wir bekennen müssen, dass entweder unsere Theorie
212 445 1434 508 mangelhaft, oder ein Prinzip damals gefehlt, und noch
219 506 769 556 nicht sich entwickelt habe.
325 588 1425 635 Andererseits kann gewisser wohlbegründeter Harmonie¬
214 643 1440 693 folgen das Ohr sich entwöhnt haben, und was eine frühere
210 706 1434 756 Zeit besessen, ohne Verständniss für eine spätere dastehen.
210 763 1431 812 Die von uns dargestellte Halbcadenz der rein phonischen
214 818 1428 876 Tonart ist fast vollkommen verloren gegangen, und die
215 883 441 940 Klangfolge
219 1084 1441 1136 befriedigt unser Ohr nicht in demselben Maasse wie die
219 1147 1437 1197 entsprechende Halbcadenz durch die Unterdominante in Dur.
334 1434 1443 1483 Winterfeld 1) sagt: „Nirgend finden jene Beziehungen
224 1498 1442 1555 (der Kirchentonarten) in einer oder der anderen unserer
226 1554 1438 1612 Tonarten wahrhaft eine Heimath; und hier müssen wir uns
227 1623 1446 1667 zurückgeschritten erkennen, so viel näher dem Ziele der
233 1675 1437 1726 Vollendung wir uns auch wähnen mögen”. Ich meine da¬
226 1739 1436 1795 gegen, dass mit alleiniger Grundlage des dorischen Systemes
226 1795 1443 1860 der Griechen und mit Hülfe des Prinzipes der Phonalität
225 1853 1439 1908 wir vollkommen die alte Musik beherrschen, verstehen und
232 1915 1439 1972 erklären können, und dass deren sämmtliche Systeme uns
229 1977 1438 2028 zur Verfügung stehen, wenn auch in veränderter Gestalt,
231 2048 1446 2099 und unter anderen systematischen Gesichtspunkten. Einen
332 2187 819 2244 1) Winterfeld l. c. pag. 90.
