1502 2450
594 87 798 182 69
31 201 1313 292 die Einführung eines aufsteigenden tonischen Leittones e},
32 282 1314 358 dann die eines tonischen b-Dreiklanges b — d} — f in der
26 350 1314 432 aufsteigenden Leiter f — g — as{ — b — c — d} — e} — f,
25 416 1320 497 endlich sogar in der absteigenden Leiter die Verwandlung
31 498 1319 599 des Tones es{ = $$MATH in es{ = $$MATH, d. h. in die Unterquint von
26 607 1321 704 b, ja sogar die von d} = $$MATH in d = $$MATH. Dadurch wurde
25 686 1307 767 dem f-moll-Systeme oder unserem phon.-c der Accord der
33 751 1316 833 Ober-Regnante geläugnet, und statt dessen die untergeord¬
26 823 1308 898 nete Bedeutung einer [Unt.-Dominante] b so weit bevorzugt,
32 886 1321 955 dass sie noch die Stimmung des nach unten hin gelegenen
32 929 1308 1012 es bestimmte. So verfährt Hauptmann 1), indem er die har¬
26 980 1315 1069 monische Grundlage für die Stimmführung in der absteigenden
26 1050 1321 1125 c-moll Tonleiter untersucht, ebenso Naumann 2), und nur
38 1119 1320 1188 Helmholtz führt den Ton es{ als reine kleine Oberterz von
30 1183 1306 1258 c ein 3). Hauptmann hat gewiss Recht, wenn er sagt (§ 80):
44 1232 1314 1320 „dass hier von einem willkührlichen Erhöhen oder Ver¬
33 1312 1315 1375 tiefen nicht die Rede sein kann.” Um so wichtiger ist des¬
32 1363 1308 1439 halb eine strenge Systematik, die uns die Töne genau ken¬
31 1421 1307 1490 nen lehrt, und zwar genauer, als es mit Hülfe einer expe¬
31 1484 1313 1553 rimentellen Ermittelung möglich wäre. Auf eine solche ist
37 1540 1307 1609 übrigens Niemand zurückgegangen, Hauptmann und Nau¬
29 1609 1317 1687 mann legen systematische Gesichtspunkte ihrer Betrachtung
128 1672 1316 1776 1) Hauptmann l. c pag. 61 und auch Drobisch (Pogg. Ann. 90 p 356).
123 1721 595 1833 2) Naumann l. c. pag. 7.
127 1801 1309 1871 3) Helmholtz l. c. pag. 459 und früher, Hauptmann und mit ihm Nau¬
31 1817 1313 1924 mann behandein die c-moll Tonleiter, d. h. nach meiner Darsteilung die phon.-g
34 1890 921 1955 beiter. Daher findet man dort den Ton c = 1 gesetzt:
40 1923 1317 2063 $$GRAPHIC, und g = 1 gesetzt, gäbe $$GRAPHIC,
29 2063 502 2169 also b = $$MATH statt b{ = $$MATH g.
40 2107 1323 2215 Hiermit in Widerspruch steht die Herleitung der mit C-moll verwandten Tonarten
34 2177 1116 2252 auf Seite 195, s. das Schema, das vollkommen phonisch gebildet ist.
