1502 2450
781 130 876 180 86
204 237 1449 283 d’Alembert aber nicht verfiel. Auch Helmholtz verwirft
202 291 1438 342 die absteigende Molltonleiter als ungeeignet zur Harmonie¬
206 354 1433 407 bildung, und führt vom Prinzip der Tonalität aus den Leit¬
203 430 1441 476 ton der Tonica a}, also gis}} in die a}-moll Tonart ein. Um¬
210 481 1449 539 gekehrt will Bellermann 1) von der aufsteigenden Leiter
203 550 1442 604 nichts wissen, und polemisirt vortrefflich gegen dieselbe.
198 602 1450 652 Leider aber bleibt er sich ganz und gar nicht im Lauf des
205 658 1433 705 Werkes getreu, wie wir später bei Betrachtung des Leit¬
208 722 629 772 tones sehen werden.
306 779 1440 829 Nur bei einem Theoretiker finde ich die normal-phonischen
205 842 1431 891 Cadenzen. In der schon früher erwähnten Schrift hat Kraus¬
195 898 1426 948 haar die dorische Leiter entwickelt, und auch für die Harmo¬
203 964 1426 1013 nisirung derselben solche Gesichtspunkte, die mit den unsri¬
197 1027 1434 1083 gen übereinstimmen, aufgestellt, ohne dass spätere Theoreti¬
200 1083 1445 1132 ker es beachtet haben. Kraushaar hat die reine Stimmung
199 1138 1435 1203 garnicht berücksichtigt, indess kommt bei seiner Darstellung
196 1209 1435 1252 dieser Umstand weniger in Betracht, weil er sich vollkom¬
204 1259 1442 1311 men der Hauptmannschen Vorstellung negativer Klänge
193 1322 1437 1372 anschliesst. Nachdem die Accordfolge für die Durtonleiter
195 1378 1430 1430 festgestellt, und für die sechste und siebente Stufe zwei Har¬
201 1442 1441 1501 monieen + f6 und + g7 d. h. ein Sextaccord auf f, und
199 1507 1438 1562 ein Septimenaccord auf g, angenommen, wird die absteigende
201 1562 1445 1611 dorische Leiter auf den symmetrisch gelegenen Stufen es und
201 1618 1442 1668 des mit den gleichfalls zu jenen Accorden symmetrisch ge¬
197 1677 1448 1733 legenen Harmonieen — g6 und — f7 begleitet 2). Die letztere
202 1739 1432 1795 entspricht vollkommen unserem Regnantseptimenaccorde. Un¬
195 1807 1444 1859 mittelbar nach Herleitung der richtigen Normalcadenzen folgt
195 1859 1448 1915 aber weiter die Bemerkung, der Eindruck dieser Cadenzen
190 1915 1429 1971 könne kein befriedigender sein. Die Harmonie — f7 ver¬
195 1979 1433 2042 schwindet alsdann, um nicht mehr in der ganzen Schrift
297 2133 1294 2187 1) H. Bellermann. Der Contrapunkt. Berlin 1862. pag. 37.
291 2187 1434 2234 2) O. Kraushaar „der accordliche Gegensatz und die Begründung der
187 2234 690 2292 Skala”. Cassel, 1852. pag. 4.
