1502 2450
648 120 721 172 67
58 222 1297 275 tonleiter, auf Grund des Rameauschen Fundamentalbasses
67 282 1298 330 war stets eine consequente, wenigstens in allen tonischen Ge¬
55 340 1299 388 bilden, während unser modernes Mollsystem stets schwan¬
56 396 1289 468 kend und unbestimmt blieb, weil das Prinzip der Phonicität,
55 459 1299 507 zwar für das einzelne Molldreiklanggebilde erkannt oder an¬
62 522 1297 572 gedeutet, doch nicht auf alle Dur- und Mollharmonieen aus¬
62 579 1304 635 gedehnt wurde, und weil die Bedeutung der Phonalität für
65 636 1300 691 das Gesammttonsystem von jenem der Tonalität verdunkelt
65 705 1302 763 ward. Keineswegs blos die Bestandtheile der Tonleiter,
66 754 1299 820 sondern alle Regeln der Modulation und Stimmführung
61 812 1294 867 hängen hiemit innig zusammen. Der Bau grösserer Kunst¬
61 874 1301 920 werke, sowie namentlich der homophone Gesang sind Zeug¬
58 939 1289 986 nisse eines unbewusst herrschenden Sinnes für Phonalität.
158 994 1297 1048 Nennen wir, wie bisher üblich, im tonischen Geschlechte
61 1059 1298 1115 c Tonica, f Unterdominante, g Oberdominante,
63 1115 1302 1164 so müssen analoge Bezeichnungen für dieselben Töne im
63 1171 1122 1224 anderen Geschlechte gegeben werden. Ich nenne
60 1246 1295 1299 c die Phonica, f Unterregnante, g Oberregnante.
155 1290 1286 1339 Das Wort Regnante erschien nothwendig, um mit dem¬
71 1363 1293 1405 selben einerseits die Beziehung zu einer Phonica nach dem
70 1410 1291 1475 Prinzip der Phonalität, andererseits die phonische Bildung
67 1467 1299 1522 des Klanges, nach dem Prinzip der Phonicität, anzudeuten.
65 1531 1293 1587 (Das Prinzip der Phonicität bezieht sich auf die phonischen
68 1586 1295 1636 Eigenschaften jedes einzelnen Zusammenklanges, jenes dage¬
61 1657 1292 1708 gen, das Prinzip der Phonalität, bildet den Zusammenhang
61 1706 1291 1759 aller Klänge und Töne eines geschlossenen Tonsystems).
71 1763 1076 1819 Wir haben demnach folgende Accorde: Den der
157 2083 1295 2177 Bemerken wir sogleich, dass in jedem Durdreiklange
67 2179 1296 2226 die phon. Bedeutung des Quintklanges zwar durch die Ober¬
