1502 2450
781 122 928 174 50
297 226 1441 279 In all diesen Verhältnisszahlen ist blos der willkühr¬
199 283 1443 339 liche Ausgangston 1 verändert, und der tonische Grundton
202 347 1437 403 liegt stets ebensoweit von dem einen Intervalltone entfernt,
210 403 864 459 wie der ph. Ob. vom anderen.
306 467 1438 515 Hieraus folgt unmittelbar, dass, wenn der tonische Grund¬
202 524 1442 577 ton mit einem Intervalltone nur um ganze Octaven aus¬
206 585 1441 636 einander liegt, dasselbe zwischen dem ph. Ob. und dem an¬
203 644 830 696 deren Intervalltone stattfindet.
301 699 1439 754 Setzen wir nun für alle folgenden Fälle voraus, die
202 764 1437 819 Schwingungszahlen seien einmal durch positive ganze Zahlen,
211 819 1441 875 die relativ prim zu einander sind, ausgedrückt, dann dieselben
207 883 1439 932 Schwingungsverhältnisse durch ächte Stammbrüche, denn je¬
207 963 1416 1044 des Intervall a:b kann auch geschrieben werden $$MATH,
202 1044 1442 1107 und behalten wir stets diese beiden Schreibweisen vor Augen
206 1110 1442 1156 so dass entweder der untere Intervallton mit a, der obere mit
198 1179 1441 1244 b, oder jener mit $$MATH dieser mit $$MATH bezeichnet wird, so lassen
201 1273 1020 1316 sich noch folgende Fälle unterscheiden:
310 1315 1440 1386 1. Mit dem unteren Intervalltone stimmt der ton. Gr.,
206 1379 1443 1435 und mit dem oberen der phon. Ob. nur dann überein, wenn
209 1442 1436 1500 der tiefere Ton a oder im andern Falle der Nenner a des zwei¬
206 1506 1413 1556 ten Tones eine Potenz von 2 ist. — Hierher gehören also
622 1587 1230 1668 die Octave 1:2 = $$MATH,
628 1676 1217 1788 die Quinte 2:3 = $$MATH,
510 1796 1210 1906 die grosse Terz 4:5 = $$MATH,
495 1916 1226 2027 die grosse Sexte 8:9 = $$MATH,
445 2072 1231 2140 die grosse Septime 8:15 = $$MATH,
204 2138 1450 2184 und viele andere Intervalle, sowie alle Erweiterungen um
203 2194 828 2253 eine oder um mehre Octaven.
