1502 2450
517 138 818 196 241
157 930 1284 996 Die Klangbestimmung ergiebt sich aus der Natur der
66 987 1279 1042 Tonsysteme. Ueberall sehen wir antinome Klänge ver¬
54 1053 1286 1115 bunden. Die beiden Septimenaccorde unter 1. waren auch
58 1108 1295 1172 in den reinen Systemen vorhanden. Hier aber unterliegen
49 1180 935 1243 sie einer anderen Klangbestimmung
53 1226 991 1300 dort in g-Dur d — fis} — a — c = d+ + c+
45 1292 1117 1372 hier in halbtonisch d: d — fis} — a — c = d+ + g0
55 1357 609 1411 ebenso nach dem früheren
55 1410 900 1483 in phon. a: e — g — b{ — d = d0 + e0
54 1482 1173 1542 hier in halbphonisch d: e — g — b{ — d = d0 + a+.
143 1580 1281 1651 Wir setzen hier diese Klangbedeutung, geleitet durch
48 1643 1284 1707 die Generation der Töne c und e, werden sie aber später
45 1692 1035 1771 durch die Auflösung unzweideutig rechtfertigen.
144 1783 1282 1844 Aus den Doppelleittonsystemen erwähne ich noch der
50 1834 295 1892 Dissonanzen
39 2051 381 2116 und dreistimmig
