1502 2450
757 122 948 179 278
188 235 1429 285 Tonmaterial f, g, a}, h}, dis} stets behalten. In der neueren
194 292 1421 348 Musik kommen oft Auflösungen vor, die dem Gehör, wenn
186 356 1418 419 auch nicht sogleich, so doch allmählig durchaus zugänglich,
185 410 1422 466 die aber trotzdem schwer theoretisch zu rechtfertigen sind.
289 474 1423 523 In Joachim Raff’s Op. 74 No. 2 kommt im Scherzo
191 532 1431 580 eine Stelle vor, auf welche ich von dem Herrn Otfried
183 592 1420 654 Rötscher aus Berlin aufmerksam gemacht wurde, und
194 651 1423 705 deren Analyse zwar Schwierigkeiten darbietet, zugleich aber
186 714 503 764 interessant ist:
278 1995 1413 2044 Nach meiner Deutung der Klänge, ist die vorliegende
175 2051 1410 2099 Schreibweise der Töne vollkommen correct. Wir haben of¬
178 2117 1413 2172 fenbar eine Modulation vom Dominantaccord auf cis} (oder
183 2187 1417 2242 Terz-Quartaccord auf gis{) aus nach c-dur; nach dem vierten
