1502 2450
639 114 743 173 89
48 220 1301 275 er beispielsweise zeigt, dass es melodische Bestimmungen in
50 282 1289 331 der Musik giebt, welche durch den blossen Gegen¬
43 351 1302 392 satz von Dur und Moll nicht getroffen werden. Es
50 401 1288 451 soll hiemit blos Einsprache erhoben werden gegen den Irr¬
50 459 1298 508 thum, als sei das menschliche Ohr durch den einfachen Ge¬
44 514 1294 580 gensatz der Lydischen und Hypodorischen (Moll abst.) Ton¬
50 578 1295 635 leiter in ästhetischer Beziehung ein für allemal befriedigt,
55 634 980 699 und strebe nicht darüber hinaus” 1) u. s. w.
159 698 1301 748 Zu dem alten griechischen System zurück zu kehren, wie
45 755 1299 808 Fortlage empfiehlt, wäre, wie ich meine, kein rationelles
54 818 1298 867 Verfahren. Es giebt Bildungen, die ebenso symmetrisch ihren
47 875 1293 916 Tonstufen nach ersonnen sein können, und ganz und gar irra¬
52 936 1293 987 tionell wären. Rationell wird nur das genannt werden, was
55 995 1294 1043 auf festbegründeten wissenschaftlichen Prinzipien aufgebaut ist.
52 1091 1296 1149 4. Die consonanten Klangbestandtheile der Tonsysteme in
358 1155 1004 1220 ihrer gegenseitigen Beziehung.
162 1218 1305 1275 Die consonanten Klänge der reinen Geschlechter waren
52 1282 253 1340 folgende:
161 1467 1307 1518 Diese Accorde werde ich fernerhin stets folgendermassen
59 1524 294 1580 bezeichnen:
173 2030 1291 2084 1) Fortlage, l. c. pag. 132. Ganz anders steht Ambros, l. c. pag. 393,
61 2075 1299 2121 der Fortlage's Werk dem Bellermannschen gegenüber verdunkelt, und sich
63 2116 1297 2171 ganz im Einverständniss fühlt mit dem heutigen Zustande der Harmonielehre. Die
61 2167 1298 2204 auf Hauptmann's Werk sich beziehenden Aussprüche stehen desshalb wider¬
66 2203 519 2258 spruchsvoll und unerklärt da.
