1502 2450
772 113 870 185 286
892 222 966 2128 Ganz identisch in der Analyse der Klangbedeutung sind folgende Sequenzen von Nonenac¬
959 228 1013 2273 corden. Die None fixirt durch den hinzutretenden Terzton die stets durch die Auflösung bestimmten
1015 226 1070 2271 Dissonanzdoppelklänge 1). Es handelt sich hier selbstverständlich nicht um einen musikalisch-aesthe¬
1074 230 1132 2275 tischen Satz, sondern um ein Beispiel für die durch die Auflösung und durch die Klanganalyse be¬
1135 1585 1205 2278 dingten Töne des Nonenaccordes:
1295 226 1343 2122 1) Ich brauche wohl kaum zu bemerken, dass alle diese Beispiele, ein oder zwei Octaven höher gespielt, besser klingen.
1337 1503 1382 2277 Es kam hier auf den umkehrbaren F-Schlüssel an.
