1502 2450
682 107 921 165 14
170 219 1420 275 drüber Horizontalstriche hinzu c}, c, etc. und setzen fest, dass
461 298 840 363 c:e} = $$MATH und
438 363 1138 419 as{:c = $$MATH, so sind e} und as{
174 442 1409 491 reine Ober- und Unter-Terz von c, und die entsprechenden
167 499 1323 559 Systeme reiner Quinten besitzen die Schwingungszahlen
161 557 609 645 $$MATH und $$MATH. —
268 682 1418 728 Nehmen wir in diesem Systeme von irgend einem Tone
169 740 1409 796 aus wiederum die reine grosse Terz nach oben, und fügen
177 802 1409 860 dem entsprechenden Buchstaben einen neuen Strich hinzu,
165 858 1418 906 so befinden wir uns, wenn wir alle Quinten dieses Tones
173 929 1406 971 zusammenfassen, wieder in einem neuen Systeme reiner
177 987 1407 1054 Quinten. Die grosse Terz von e} wäre hiernach gis}}‚ und ana¬
171 1060 1415 1108 log die Unterterz von as{‚ — fes{{‚, die zugehörigen Quintensysteme
168 1154 1420 1212 haben die Schwingungszahlen: 52. 3n. 2x und $$MATH. Einem
166 1242 1415 1291 Tone eines beliebigen Systems entspricht also die Schwin¬
173 1315 1409 1364 gungszahl $$MATH wo m, n und p positive und negative
170 1364 1398 1422 ganze Zahlen sein können. Zeichen und Werth von m bestim¬
170 1419 1400 1475 men das System von Quinten, in welchem wir uns befinden. Mö¬
169 1488 1401 1540 gen die Zahlen m, n, p, noch so sehr variiren, niemals kann
169 1539 1402 1596 ein und derselbe Ton durch verschiedene Combinationen dieser
169 1602 1412 1652 Zahlen ausgedrückt werden, da eine jede Zahl nur auf
176 1659 1398 1715 eine Art sich in Primfaktore zertheilen lässt. — Ich lasse
174 1723 1400 1772 eine Tabelle folgen, die übersichtlich die Terzen und Quin¬
172 1770 1401 1835 tenverwandtschaft übersehen lässt, die ins Unendliche nach
170 1835 1409 1907 allen vier Seiten ausgedehnt werden kann, und unendlich viele
168 1898 1407 1947 Töne innerhalb einer Octave, trotzdem aber noch lange nicht
168 1956 1404 2012 alle möglichen Töne derselben enthält. — Dieselbe Tabelle
172 2025 1403 2069 ergiebt ohne Weiteres sämmtliche Töne einer höheren oder
165 2075 1407 2131 tieferen Octave, wenn man vertikale Striche zufügt, oder die
162 2138 994 2183 Tabelle in grossen Buchstaben schreibt:
