1502 2450
717 99 970 163 98
222 202 1457 257 beliebtesten Nationelmelodieen der Schweden fängt folgender¬
222 276 478 324 maassen an:
315 509 1456 561 Hier nun singen die Schweden der neueren Zeit im
220 577 1450 636 ersten Takte statt d — dis}}, und „verdrehen solchergestalt
218 635 1451 688 dieses alte Heiligthum.” Fortlage hält die hier vorlie¬
214 707 917 758 gende Tonart für eine phrygische
210 947 1463 991 Ich glaube aber mit Unrecht. Die c-Stufe kommt zwar garnicht
221 1014 1449 1060 vor, aber das zweite d des zweiten Taktes liesse sich im Geiste
220 1068 1454 1116 der Melodie nur durch c, nicht durch cis ersetzen. Ich
211 1143 1446 1196 meine zwar auch nicht, dass die Melodie in e}-Moll gehe,
213 1204 1457 1260 denn mit einem Dominantaccorde h} — dis}} — fis} hat sie ganz
214 1265 1448 1332 und gar nichts zu thun, wohl aber ist h}0 der Hauptaccord
215 1322 1073 1387 = e} — g — h}, und die Leiter folgende:
310 1610 1456 1666 Statt des h}+-Accordes mit dem Tone dis}} dürfte auch
204 1691 1398 1739 in der Harmonisirung dieses Liedes nur fis}0 vorkommen.
308 1746 1438 1802 Es giebt überhaupt eine zahllose Menge von Volkslie¬
210 1810 1441 1857 dern, die rein phonisch gebildet sind, und nicht ohne we¬
206 1867 1449 1922 sentliche Beeinträchtigung ihres Werthes ins Mollsystem
206 1931 772 1988 übertragen werden können.
305 1997 1449 2060 Die russischen Volksmelodieen gehen, wie behauptet
211 2061 1447 2116 wird, meist in Moll. Wenn man genauer nachforscht, wird
206 2115 1440 2164 man sicher die grösste Zahl ins phonische System einordnen
211 2171 1430 2227 müssen. Mir ist keine Sammlung russischer Volkslieder be¬
