1502 2450
717 116 967 187 208
214 240 1437 292 reciprok, gerade so wie bei den reinen Geschlechtern.
224 291 1445 348 Für die Cadenzen b., und b’ ist der Name Halbschluss nicht
221 364 1441 411 geeignet, weil er nicht den Kern der Sache bezeichnet.
222 411 1437 466 Ganz mit Unrecht aber pflegt man gegenwärtig im g-moll-
222 469 1264 525 Systeme a′ (statt b′) einen Halbschluss zu nennen.
322 546 1444 603 Ein Mangel der Systeme 2. und 5., gegen 1 und 6
216 620 1444 667 besteht darin, dass die Leitklänge cis}0 und es{+ weniger
215 690 1437 740 fest mit den übrigen Gliedern verbunden sind. Das Bedürf¬
223 755 1442 812 niss der Terzklänge fis}0 und b{+ wird sich oft geltend machen;
220 828 1446 876 sobald diese aber eingeführt werden, entstehen die reinen
220 883 598 947 Systeme 1 und 6.
322 947 1442 1011 Einer vollkommen befriedigenden Cadenz sind die Sy¬
216 1011 1443 1059 steme 3., und 4., nicht fähig, weil ihnen je die Hauptquint¬
220 1075 1444 1123 klänge fehlen. Dagegen besitzen sie beide ein und dieselbe
215 1132 1020 1195 eigenthümliche vierstimmige Harmonie
220 1275 1228 1323 die im System 3 nach d+, in 4., nach d0 führt.
319 1699 1433 1756 Besonders im zweiten Beispiele empfindet man den Man¬
214 1763 1442 1820 get eines bestimmten Grundbasses, wie schon d’Alembert
216 1831 1442 1876 erkannte, (s. Seite 59). Wenn man von der Construction
215 1883 1433 1933 der Klänge ausgegangen wäre, so hätten niemals diese bei¬
221 1939 1439 1994 den Geschlechter entstehen können, da in beiden die Bil¬
218 1995 1433 2052 dung eines phonischen g0 und eines tonischen a+ nur zur
208 2060 1429 2123 Hälfte, durch Hinzunahme der Unterterz es{ und Oberterz cis}
217 2141 1434 2188 ohne Quinte, ausgeführt wäre. Aehnliches ist bei keinem
219 2194 1436 2260 der vier anderen Systeme wahrzunehmen. Das System 4
