1502 2450
532 122 758 180 137
38 227 1273 283 meine Behauptung. Er giebt (pag. 241) folgenden Grund¬
35 297 1263 340 riss daselbst für grössere Compositionen, dem ich statt der
36 348 1239 403 Mollnamen die entsprechenden phonischen Gebilde beisetze
142 410 1214 460 C-dur, G-dur, E-moll, A-moll, D-moll, F-dur, C-dur
36 489 1216 539 also: ton. c, ton. g, phon. h}, phon. e}, phon. a}, ton. f, ton. c
33 539 1264 588 Offenbar hat Marx hier die Hauptklänge der c-dur-Tonart im
38 595 1266 651 Auge gehabt und vielleicht desshalb D-moll mit aufgenom¬
30 660 1267 708 men. Im Anschluss an A-moll hat diese Modulation aller¬
38 715 1255 763 dings kein Hinderniss. — Betrachten wir die jedesmal ge¬
37 778 1276 828 nommene Tonart als neuen Ausgangspunkt, so sehen wir
31 835 353 900 folgende Reihe:
98 898 1191 945 Oberdominante, Paralleltonart, Unterregnante, Unter¬
233 955 1056 1005 regnante, Paralleltonart, Oberdominante.
126 1011 1274 1068 Mithin nimmt hier die Modulation nach der oberen
40 1075 1269 1131 Quinte den Hauptplatz in Dur, nach der unteren Quinte in
36 1131 1281 1182 Moll ein. Der Leser mag sich davon überzeugen, dass die
39 1194 1265 1243 Ordnung für das Mollgeschlecht eines solchen Zusammen¬
30 1250 1266 1297 hanges entbehrt, wie Marx selbst bekennt (pag. 241 un¬
32 1316 1266 1363 ten 1). Ich mache nur noch darauf aufmerksam, dass an¬
30 1371 1270 1420 fänglich von den vier nächstverwandten Modulationszielen
37 1432 1268 1483 nur drei von Marx berücksichtigt werden (s. d. Anm. auf
37 1491 1258 1556 Seite 253), während die vierte, die in die Leit - Tonart,
39 1562 1270 1604 erst später (Anm. S. 238) namhaft gemacht wird. Hier
29 1611 1268 1659 findet man auch einige werthvolle Andeutungen über das
37 1667 670 1724 Vorkommen dieser Modulation.
479 1770 831 1837 2. Accordfolge.
126 1851 1264 1900 Die Accordfolge consonanter Gebilde innerhalb eines
39 1907 1265 1971 geschlossenen Tonsystemes bietet keine Schwierigkeiten, so
43 1971 1260 2019 lange man sich an das Prinzip der Klangvertretung hält.
137 2114 1274 2160 1) Die Ordnung E-moll, F-dur, D-moll, A-moll (S. 242) steht theoretisch
39 2160 1268 2212 ganz unvermittelt da, wie man aus folgender Uebersetzung erkennt: ph. h}, ton. f,
39 2214 1220 2266 ph. a}, ph. e}. Den ersten Uebergang bezeichnet auch Marx als widerstrebend.
