1502 2450
492 496 888 573 Vorwort.
87 667 1297 747 Wenn ich bei Abfassung der vorliegenden Arbeit den
63 771 1296 820 Mangel einer theoretischen, sowie praktischen Aus¬
65 842 1301 907 bildung in der Musik gar oft empfunden habe, so lag
66 922 1299 974 eine weitere Schwierigkeit, in dieses Gebiet einzudrin¬
68 995 1298 1065 gen, für mich darin, dass ich, dem einmal erwählten
73 1074 1299 1131 Berufe folgend, meine Zeit vorzugsweise anderen Ge¬
65 1147 1298 1220 genständen widmen musste. Genöthigt, meine Unter¬
56 1234 1298 1283 suchungen abzubrechen, und auf jede weitere Bearbei¬
61 1306 1295 1364 tung zu verzichten, habe ich mich entschliessen müssen,
59 1378 1281 1436 schon jetzt diese „Studien zur Theorie der Musik”
65 1457 1295 1509 zu veröffentlichen, wenngleich die Form der Darstel¬
60 1530 1294 1590 lung noch in vieler Hinsicht unfertig und dem hohen
13 1572 1298 1652 Werth des Gegenstandes lange nicht entsprechend er¬
9 1696 1295 1755 scheinen dürfte. Möchten Fachmänner das gebotene
50 1763 1239 1819 Material zu weiteren Forschungen benutzen können.
158 1843 1295 1893 Einige Bemerkungen will ich hier noch voraus¬
3 1914 1299 1979 schicken. Selbst auf die Gefahr hin, ein philologisch
61 1995 1290 2059 gebildetes Ohr zu verletzen, habe ich, um der Kürze
10 2070 1296 2140 und des prägnanten Gegensatzes willen, einige neue
51 2147 1288 2220 Wortbildungen, — namentlich in der Ueberschrift der
