1502 2450
627 122 808 182 15
140 851 1281 907 1) In jeder Horizontalreihe ist m constant, daher die
50 915 1281 963 Töne sich nur durch den Werth von n unterscheiden. Ne¬
49 970 1281 1028 beneinanderstehende Töne bilden das Intervall der Quinte
43 1035 1276 1083 oder deren Umlagerung, der reinen Quarte, oder der Erwei¬
48 1098 1128 1155 terungen beider, der Duodecime, der Undecime, etc.
149 1307 1282 1357 2) In jeder Vertikalreihe ist n constant, daher die un¬
49 1372 1289 1420 tereinanderstehenden Töne das Intervall einer reinen grossen
53 1426 1284 1475 Terz, oder deren Umlagerung, der kleinen Sexte, oder deren
47 1484 1276 1539 Erweiterungen, der grossen Decime und der kleinen Trede¬
49 1546 300 1596 cime bilden:
147 1763 1285 1813 3) Da die kleine Terz die Ergänzung der grossen
51 1819 1281 1875 Terz zur Quinte ist, so bilden je zwei in der Diagonale von
53 1876 1277 1931 links oben nach rechts unten stehende Töne das Intervall
52 1940 1283 1988 der reinen kleinen Terz oder deren Umlagerung, der gros¬
51 2002 1280 2052 sen Sexte, oder der Erweiterungen beider, der kleinen De¬
53 2059 745 2108 cime und der grossen Tredecime:
