<?xml version="1.0" encoding="UTF-8" standalone="yes"?>
<PcGts xmlns="http://schema.primaresearch.org/PAGE/gts/pagecontent/2013-07-15" xmlns:xsi="http://www.w3.org/2001/XMLSchema-instance" xsi:schemaLocation="http://schema.primaresearch.org/PAGE/gts/pagecontent/2013-07-15 http://schema.primaresearch.org/PAGE/gts/pagecontent/2013-07-15/pagecontent.xsd">
    <Metadata>
        <Creator>prov=University of Rostock/Institute of Mathematics/CITlab|PLANET AI GmbH/Gundram Leifert/gundram.leifert@planet-ai.de:name=ONB_Newseye_GT_M1+(htr_id=10810)::::v=2.6.7
prov=University of Rostock/Institute of Mathematics/CITlab|PLANET AI GmbH/Tobias Gruening/tobias.gruening@planet-ai.de:name=de.uros.citlab.module.baseline2polygon.B2PSeamMultiOriented:v=2.6.7
prov=University of Rostock/Institute of Mathematics/CITlab|PLANET AI GmbH/Tobias Gruening/tobias.gruening@planet-ai.de:name=/net_tf/LA73_249_0mod360.pb:de.uros.citlab.segmentation.CITlab_LA_ML:v=2.6.7
Transkribus</Creator>
        <Created>2021-03-18T14:22:04.938+01:00</Created>
        <LastChange>2021-09-07T12:05:16.206+02:00</LastChange>
        <TranskribusMetadata docId="738836" pageId="28121612" pageNr="15" tsid="64359169" status="DONE" userId="74363" imgUrl="https://files.transkribus.eu/Get?id=MIAJUKJIMDDGUJVGAIZRRFJL&amp;fileType=view" xmlUrl="https://files.transkribus.eu/Get?id=FUMFBNKJJTEJQRZNSHMAPOGN" imageId="21904982"/>
    </Metadata>
    <Page imageFilename="Oettingen_Harmoniesystem_in_dualer_Entwickelung-0024.jpg" imageWidth="1502" imageHeight="2450" type="content">
        <ReadingOrder>
            <OrderedGroup id="ro_1631119933666" caption="Regions reading order">
                <RegionRefIndexed index="0" regionRef="region_1616240757014_1975"/>
                <RegionRefIndexed index="1" regionRef="TextRegion_1616240741737_1972"/>
            </OrderedGroup>
        </ReadingOrder>
        <TextRegion type="page-number" id="region_1616240757014_1975" custom="readingOrder {index:0;} structure {type:page-number;}">
            <Coords points="570,84 570,139 862,139 862,84"/>
            <TextLine id="line_1616240757059_1978" custom="readingOrder {index:0;}">
                <Coords points="567,139 687,132 712,147 741,124 755,135 856,137 867,130 866,61 565,66"/>
                <Baseline points="571,134 862,129"/>
                <TextEquiv>
                    <Unicode>7</Unicode>
                </TextEquiv>
            </TextLine>
            <TextEquiv>
                <Unicode>7</Unicode>
            </TextEquiv>
        </TextRegion>
        <TextRegion orientation="0.0" type="paragraph" id="TextRegion_1616240741737_1972" custom="readingOrder {index:1;} structure {type:paragraph;}">
            <Coords points="93,212 1331,212 1331,976 93,976"/>
            <TextLine id="r1l1" custom="readingOrder {index:0;}">
                <Coords points="100,251 1325,245 1325,213 1200,203 100,204"/>
                <Baseline points="107,241 167,241 228,241 288,240 349,240 409,240 470,240 530,240 591,240 651,240 712,240 772,241 833,241 893,241 954,241 1014,242 1075,242 1135,242 1196,243 1256,243 1317,243"/>
                <TextEquiv>
                    <Unicode>ben, als sich später für nothwendig herausstellt. Wer na¬</Unicode>
                </TextEquiv>
            </TextLine>
            <TextLine id="r1l2" custom="readingOrder {index:1;}">
                <Coords points="93,306 1326,307 1229,259 93,273"/>
                <Baseline points="101,299 161,299 222,298 283,298 344,298 405,298 466,298 526,299 587,299 648,299 709,300 770,300 831,301 892,301 952,301 1013,302 1074,302 1135,302 1196,302 1257,301 1318,301"/>
                <TextEquiv>
                    <Unicode>mentlich die wenigen Zeilen über das Auffinden der Eigen¬</Unicode>
                </TextEquiv>
            </TextLine>
            <TextLine id="r1l3" custom="readingOrder {index:2;} m_interval {offset:15; length:11;}">
                <Coords points="95,372 1329,367 1302,324 95,332"/>
                <Baseline points="102,359 163,359 224,359 285,359 346,359 407,359 468,359 529,359 590,359 651,360 712,360 773,360 834,360 895,361 956,361 1017,361 1078,361 1139,361 1200,361 1261,361 1322,361"/>
                <TextEquiv>
                    <Unicode>schaften eines Intervalles überschlägt, wird sich desshalb spä¬</Unicode>
                </TextEquiv>
            </TextLine>
            <TextLine id="r1l4" custom="readingOrder {index:3;}">
                <Coords points="94,426 1335,435 1335,395 1247,379 94,387"/>
                <Baseline points="102,418 163,418 224,418 285,418 347,419 408,419 469,419 531,419 592,419 653,420 715,420 776,420 837,421 898,421 960,421 1021,421 1082,421 1144,421 1205,421 1266,420 1328,420"/>
                <TextEquiv>
                    <Unicode>ter nicht wesentlich das Verständniss trüben. Allerdings</Unicode>
                </TextEquiv>
            </TextLine>
            <TextLine id="r1l5" custom="readingOrder {index:4;} person_author {offset:34; length:14;ID:P0001;} textStyle {offset:34; length:9;fontSize:0.0; kerning:0; letterSpaced:true;} concept_phy {offset:49; length:6; continued:true;}">
                <Coords points="92,492 1330,485 1210,442 92,452"/>
                <Baseline points="100,480 161,480 222,480 283,480 344,480 405,480 466,480 527,480 588,480 649,480 711,480 772,480 833,480 894,480 955,480 1016,480 1077,480 1138,480 1199,480 1260,480 1322,480"/>
                <TextEquiv>
                    <Unicode>möchte ich aber die Grundzüge der Helmholtzschen Klang¬</Unicode>
                </TextEquiv>
            </TextLine>
            <TextLine id="r1l6" custom="readingOrder {index:5;} concept_phy {offset:0; length:7; continued:true;}">
                <Coords points="89,547 1102,563 1302,554 1331,514 89,515"/>
                <Baseline points="97,540 158,540 219,540 280,539 342,539 403,539 464,539 526,539 587,539 648,539 710,539 771,539 832,540 893,540 955,540 1016,540 1077,540 1139,540 1200,540 1261,540 1323,541"/>
                <TextEquiv>
                    <Unicode>analyse als bekannt voraussetzen. Nur die Hauptsätze der¬</Unicode>
                </TextEquiv>
            </TextLine>
            <TextLine id="r1l7" custom="readingOrder {index:6;}">
                <Coords points="91,609 1337,610 1309,562 91,572"/>
                <Baseline points="99,598 160,598 222,599 283,599 345,599 406,599 468,600 529,600 591,600 652,600 714,600 775,600 837,600 898,600 960,600 1021,600 1083,600 1144,601 1206,601 1267,601 1329,602"/>
                <TextEquiv>
                    <Unicode>selben werde ich auszugweise zusammenstellen, soweit als</Unicode>
                </TextEquiv>
            </TextLine>
            <TextLine id="r1l8" custom="readingOrder {index:7;}">
                <Coords points="91,669 1232,682 1332,630 91,635"/>
                <Baseline points="99,659 160,659 221,658 282,658 344,658 405,658 466,658 527,658 589,658 650,659 711,659 772,659 834,659 895,659 956,659 1017,659 1079,659 1140,658 1201,658 1262,657 1324,656"/>
                <TextEquiv>
                    <Unicode>zum unmittelbaren Verständniss der Arbeit nothwendig er¬</Unicode>
                </TextEquiv>
            </TextLine>
            <TextLine id="r1l9" custom="readingOrder {index:8;}">
                <Coords points="91,732 1159,740 1338,730 1338,682 91,692"/>
                <Baseline points="99,718 160,718 222,719 283,719 345,719 407,719 468,719 530,719 591,719 653,719 715,719 776,719 838,719 899,720 961,720 1023,720 1084,720 1146,720 1207,720 1269,721 1331,721"/>
                <TextEquiv>
                    <Unicode>scheint. Sowohl dem Kritiker, als auch demjenigen, der auf</Unicode>
                </TextEquiv>
            </TextLine>
            <TextLine id="r1l10" custom="readingOrder {index:9;} concept_phy {offset:19; length:12;}">
                <Coords points="96,788 1326,780 1197,739 96,740"/>
                <Baseline points="104,778 164,778 225,777 286,777 347,777 407,777 468,777 529,778 590,778 650,778 711,778 772,778 833,779 893,779 954,779 1015,779 1076,779 1136,778 1197,778 1258,777 1319,777"/>
                <TextEquiv>
                    <Unicode>diesem Gebiete die Wissenschaft fördern will, dürfte eine ge¬</Unicode>
                </TextEquiv>
            </TextLine>
            <TextLine id="r1l11" custom="readingOrder {index:10;} person_author {offset:27; length:14;ID:P0001;} textStyle {offset:27; length:9;fontSize:0.0; kerning:0; letterSpaced:true;} work_text {offset:42; length:5;ID:W0001;}">
                <Coords points="91,851 1332,843 1332,812 1111,795 91,811"/>
                <Baseline points="98,838 159,839 220,839 281,839 343,839 404,839 465,839 527,839 588,840 649,840 711,840 772,840 833,840 894,840 956,840 1017,839 1078,839 1140,839 1201,839 1262,838 1324,838"/>
                <TextEquiv>
                    <Unicode>naue Bekanntschaft mit dem Helmholtzschen Werke uner¬</Unicode>
                </TextEquiv>
            </TextLine>
            <TextLine id="line_1616240788552_2005" custom="readingOrder {index:11;}">
                <Coords points="85,905 237,909 253,899 262,908 353,907 362,898 393,899 393,876 354,884 317,858 254,876 231,858 167,858 152,868 84,859"/>
                <Baseline points="93,900 119,899 145,899 172,899 198,899 225,899 251,899 277,900 304,899 330,899 357,898 367,895 385,891"/>
                <TextEquiv>
                    <Unicode>lässlich sein. —</Unicode>
                </TextEquiv>
            </TextLine>
            <TextEquiv>
                <Unicode>ben, als sich später für nothwendig herausstellt. Wer na¬
mentlich die wenigen Zeilen über das Auffinden der Eigen¬
schaften eines Intervalles überschlägt, wird sich desshalb spä¬
ter nicht wesentlich das Verständniss trüben. Allerdings
möchte ich aber die Grundzüge der Helmholtzschen Klang¬
analyse als bekannt voraussetzen. Nur die Hauptsätze der¬
selben werde ich auszugweise zusammenstellen, soweit als
zum unmittelbaren Verständniss der Arbeit nothwendig er¬
scheint. Sowohl dem Kritiker, als auch demjenigen, der auf
diesem Gebiete die Wissenschaft fördern will, dürfte eine ge¬
naue Bekanntschaft mit dem Helmholtzschen Werke uner¬
lässlich sein. —</Unicode>
            </TextEquiv>
        </TextRegion>
    </Page>
</PcGts>
