1502 2450
560 124 842 180 249
77 234 1309 286 ausgedrückter Klang verbunden erscheint 1). Aus den ge¬
76 300 1319 353 trennten Bestandtheilen b{ — d + d — fis} leitet er die Auf¬
78 370 1322 423 lösung a — cis} — es{ — g her. In dieser Weise entsteht
77 434 1319 489 eine neue Dissonanz, also keine beschliessende Auflösung.
73 490 1322 546 Doch verlangt Hauptmann auch für diese Klangfolge eine
80 555 1083 603 Vermittelung, die er folgendermaassen herstellt:
85 833 1320 875 so dass auf beiden Seiten stets je durch einen Ton ver¬
84 890 1321 950 mittelte Folgen entstehen, und zwar ist b{ — d nach a — cis}
87 964 1322 1011 und d — fis} nach es{ — g übergegangen. Ich glaube da¬
83 1023 1321 1092 gegen unmittelbar die Hauptmann'sche Auflösung und
81 1090 1316 1140 zwar mit geänderter Beziehung der Theile erklären zu müssen:
194 1299 1330 1356 Die Folge lässt sich auch umkehren. Wir haben
85 1372 1334 1419 gleichzeitig ausgeführt unmittelbar verständliche homonome
96 1418 366 1476 Quintschritte.
185 1476 1335 1527 Zunächst aber haben wir es mit einem Vorhaltsaccord
94 1539 786 1596 zu thun, und erhalten die Folgen
179 1884 1339 1939 Da wir bei allen diesen Beispielen auf die Lage der
80 1946 1023 1995 Stimmen nicht achten, so ist eine Folge wie
196 2207 704 2256 1) Hauptmann l. c. p. 154 ff.
