1502 2450
563 108 813 172 205
147 575 1286 627 Beim Kreuz kann sowohl d+ als d0 folgen. Der Schluss
53 634 1282 691 ist nie bestimmt. Auch fehlt gänzlich eine Septime von d,
56 699 1283 756 c oder e. — Der Klang cis}0 erscheint etwas härter und
61 763 1286 811 auffallender Weise weniger eng mit den Hauptaccorden ver¬
58 819 397 883 bunden, als es{+.
147 890 1278 939 Hiemit haben wir die dritte Classe erledigt. Betrach¬
60 945 1292 1004 ten wir zunächst die unvollkommeneren der zweiten und
57 1011 1287 1068 vierten Classe, so sind das folgende II. 2; II. 3; IV. 2;
61 1068 1288 1130 IV. 3. — Sie haben sämmtlich das mit einander gemein,
63 1131 1291 1179 dass neben dem Mittelklang d+ oder d0 der der Haupt¬
60 1199 1281 1251 quinte fehlt; in der zweiten Classe fehlt die Dominante,
66 1244 1293 1299 in der vierten eine Regnante. Ein normaler Ganzschluss
65 1306 1289 1364 ist desshalb nicht möglich. Ausserdem begegnen wir noch
58 1363 1285 1419 anderen Mängeln. Das System II. 3, das jonische der Grie¬
60 1427 1290 1479 chen, hat seinen Schwerpunkt nicht in d. Der Ton e wird
63 1505 1283 1555 seine Stimmung nicht halten können, und in e} übergehen.
63 1554 1282 1604 Denn bei drei Klängen d+, g+ und c+ wird d nie als Schwer¬
66 1619 1293 1675 punkt ercheinen können. Ebenso ist IV. 2, von a begonnen,
65 1675 1285 1715 = phon. a. Der Ton c wird in c{ übergehen müssen. —
56 1747 1289 1796 In dieser veränderten Stimmung sind die Systeme zu behan¬
67 1803 1053 1858 deln, und dann sind sie identisch mit I und V.
161 1883 1301 1931 Vollständiger sind die beiden anderen Systeme, die je
62 1938 1299 1994 einen consonanten Dreiklang mehr haben und sich auf keinen
58 2012 1304 2060 anderen Mittelpunkt beziehen lassen, ohne dass eine Quinte
58 2059 391 2125 verloren geht.
