1502 2450
722 130 883 180 84
208 233 1448 284 habe keinen Ursprung in der Natur des Tonwesens”, son¬
215 291 1450 345 dern sei „als Gegensatz gegen das Durgeschlecht aus ihm
215 361 1444 410 und nach seinem Vorbilde vom Geist und Bedürfniss der
210 411 1450 469 Kunst geschaffen worden 1)” Auch Helmholtz hat das
210 467 1442 524 Mollgeschlecht, namentlich das dorische System ganz anders
206 531 1445 584 als wir aufgefasst. Auch er geht von der a priori keines¬
214 612 1450 660 wegs feststehenden Annahme aus, in der Skala von e} bis e}
207 659 1440 724 sei e} die Tonica und desshalb e} — g — h} — e} der tonische
212 731 1449 787 Accord, desshalb verlangt er zur Festsetzung der Tonart
206 801 1452 848 den Dominantaccord h} — dis}} — fis}, (der aber gar nicht zum
213 851 1447 922 Tonsystem gehört), um wie er sagt 2), nicht den Eindruck
208 923 1445 980 herrschend werden zu lassen, dass a} die Tonica und a} — c — e}
216 979 1445 1044 der tonische Accord sei. — Aber dieses ist gerade im do¬
210 1052 1439 1107 rischen System der Fall, a} ist wirklich [Tonica] und a} — c — e}
202 1115 1439 1155 der tonische Accord, nur hat der letztere blos in untergeord¬
208 1186 1434 1233 neter Weise diese Bedeutung, während gleichzeitig e} Haupt¬
209 1243 1436 1308 ton und Phonica und a} — c — e} einheitlich phonischer Ac¬
204 1324 1438 1380 cord ist. Das reine dorische Geschlecht e} bis e} kennt gar¬
201 1387 1451 1451 nicht den Accord h} — dis} — fis}. Darin scheint mir Marx 3)
205 1447 1447 1500 vollkommen Recht zu haben, dass man leiterfremde Töne
209 1504 1442 1571 nicht gebrauchen kann ohne den Weg einer Modulation,
204 1572 1444 1616 oder mindestens einer Ausweichung zu betreten. Bei der
211 1619 1440 1676 Behandlung der absteigenden Tonleiter begegnet aber Marx
208 1674 1432 1739 derselben Unmöglichkeit einer befriedigenden Harmoniebil¬
205 1739 1431 1795 dung. Von der Leiter a bis a sagt er: „es trete entschie¬
211 1795 1429 1852 den die Unhaltbarkeit dieser Tonreihe als Tonart in harmo¬
201 1866 1418 1930 nischer Hinsicht hervor. Sie habe keinen Dominantaccord 4),
194 1928 1438 1988 nicht einmal einen Durdreiklang auf der Dominante, der
305 2050 1441 2098 1) Marx, „die Lehre von der musikalischen Composition”. Leipzig 1863.
198 2091 674 2148 6. Auflage. Bd. I. Anhang G.
303 2130 788 2188 2) Helmholtz l. c. pag. 468.
301 2179 690 2228 3) Marx l. c. pag. 494.
295 2219 693 2275 4) Marx l. c. pag. 495.
