1502 2450
670 98 964 155 170
292 707 740 756 Wir erhalten also in
285 1163 1425 1220 Wir können indess die Anzahl beschränken, wenn
186 1227 1417 1272 wir beachten, dass die Töne der ersten und letzten Verti¬
183 1283 1425 1338 kalkolumne nur in solchen Tonsystemen vorkommen, die
178 1353 1429 1403 gar keine oder nur sehr geringe direkte Verwandtschaft
179 1402 358 1459 besitzen.
280 1491 1435 1539 Durch solche Annahme erhalten Tonica c und Phonica
178 1555 1429 1612 e} nur eine Stimmung und entsprechend vereinfacht sich
175 1626 1093 1692 der Mittelton as{ oder gis}} und wir erhalten
