<?xml version="1.0" encoding="UTF-8" standalone="yes"?>
<PcGts xmlns="http://schema.primaresearch.org/PAGE/gts/pagecontent/2013-07-15" xmlns:xsi="http://www.w3.org/2001/XMLSchema-instance" xsi:schemaLocation="http://schema.primaresearch.org/PAGE/gts/pagecontent/2013-07-15 http://schema.primaresearch.org/PAGE/gts/pagecontent/2013-07-15/pagecontent.xsd">
    <Metadata>
        <Creator>prov=University of Rostock/Institute of Mathematics/CITlab|PLANET AI GmbH/Gundram Leifert/gundram.leifert@planet-ai.de:name=ONB_Newseye_GT_M1+(htr_id=10810)::::v=2.6.7
prov=University of Rostock/Institute of Mathematics/CITlab|PLANET AI GmbH/Tobias Gruening/tobias.gruening@planet-ai.de:name=de.uros.citlab.module.baseline2polygon.B2PSeamMultiOriented:v=2.6.7
prov=University of Rostock/Institute of Mathematics/CITlab|PLANET AI GmbH/Tobias Gruening/tobias.gruening@planet-ai.de:name=/net_tf/LA73_249_0mod360.pb:de.uros.citlab.segmentation.CITlab_LA_ML:v=2.6.7
Transkribus</Creator>
        <Created>2021-03-18T14:22:13.434+01:00</Created>
        <LastChange>2021-05-25T23:30:59.434+02:00</LastChange>
        <TranskribusMetadata docId="738836" pageId="28121768" pageNr="171" tsid="61992186" status="NEW" userId="74363" imgUrl="https://files.transkribus.eu/Get?id=GULYZFNDMDAXBCUCAOTZNTOL&amp;fileType=view" xmlUrl="https://files.transkribus.eu/Get?id=NJHUPAPMTKUOZWZOIKLTPSDU" imageId="21905138"/>
    </Metadata>
    <Page imageFilename="Oettingen_Harmoniesystem_in_dualer_Entwickelung-0180.jpg" imageWidth="1502" imageHeight="2450" type="content">
        <ReadingOrder>
            <OrderedGroup id="ro_1631119958108" caption="Regions reading order">
                <RegionRefIndexed index="0" regionRef="TextRegion_1621256731129_3072"/>
                <RegionRefIndexed index="1" regionRef="TextRegion_1621256731129_3071"/>
                <RegionRefIndexed index="2" regionRef="TextRegion_1621256728837_3067"/>
                <RegionRefIndexed index="4" regionRef="TextRegion_1621256720809_3057"/>
            </OrderedGroup>
        </ReadingOrder>
        <TextRegion orientation="0.0" type="heading" id="TextRegion_1621256731129_3072" custom="readingOrder {index:0;} structure {type:heading;}">
            <Coords points="70,485 1295,485 1295,541 70,541"/>
            <TextLine id="r1l1" custom="readingOrder {index:0;} textStyle {offset:0; length:33;fontSize:0.0; kerning:0; bold:true;}">
                <Coords points="339,525 1037,525 1037,502 961,475 912,492 339,475"/>
                <Baseline points="347,516 381,516 415,516 449,516 483,517 517,517 551,517 586,517 620,517 654,517 688,517 722,517 756,517 790,517 825,518 859,518 893,518 927,519 961,519 995,520 1030,521"/>
                <TextEquiv>
                    <Unicode>I. Parallelität und Reciprocität.</Unicode>
                </TextEquiv>
            </TextLine>
            <TextEquiv>
                <Unicode>I. Parallelität und Reciprocität.</Unicode>
            </TextEquiv>
        </TextRegion>
        <TextRegion orientation="0.0" type="paragraph" id="TextRegion_1621256731129_3071" custom="readingOrder {index:1;} structure {type:paragraph;}">
            <Coords points="70,541 1295,541 1295,914 70,914"/>
            <TextLine id="r1l2" custom="readingOrder {index:0;}">
                <Coords points="176,606 1292,610 1231,564 176,556"/>
                <Baseline points="183,595 238,596 293,596 348,597 403,598 458,599 513,599 568,600 623,600 678,601 734,601 789,602 844,602 899,602 954,602 1009,603 1064,603 1119,603 1174,603 1229,604 1285,604"/>
                <TextEquiv>
                    <Unicode>Wir haben im vorigen Abschnitte die einem Tone nächst¬</Unicode>
                </TextEquiv>
            </TextLine>
            <TextLine id="r1l3" custom="readingOrder {index:1;}">
                <Coords points="67,667 1303,675 1303,635 1237,627 68,627"/>
                <Baseline points="75,654 136,655 197,656 258,656 319,657 380,658 441,658 502,659 563,659 624,660 685,660 746,660 807,661 868,661 929,661 990,661 1051,662 1112,662 1173,663 1234,663 1295,664"/>
                <TextEquiv>
                    <Unicode>verwandten Klänge aufgesucht, indem wir vom tonischen</Unicode>
                </TextEquiv>
            </TextLine>
            <TextLine id="r1l4" custom="readingOrder {index:2;} textStyle {offset:15; length:1;italic:true; fontSize:0.0; kerning:0;}">
                <Coords points="76,723 1301,732 1301,691 1246,683 76,689"/>
                <Baseline points="84,715 144,716 204,717 265,718 325,718 386,719 446,719 507,720 567,720 628,720 688,720 748,720 809,721 869,721 930,721 990,721 1051,721 1111,722 1172,722 1232,722 1293,723"/>
                <TextEquiv>
                    <Unicode>und phonischen c-Klange ausgehend, zuerst die unmittelbar</Unicode>
                </TextEquiv>
            </TextLine>
            <TextLine id="r1l5" custom="readingOrder {index:3;}">
                <Coords points="75,787 1072,772 1288,803 1288,753 1118,740 75,746"/>
                <Baseline points="83,774 142,775 202,776 262,777 322,778 382,778 442,778 502,779 562,779 622,779 682,779 741,779 801,779 861,779 921,779 981,780 1041,780 1101,781 1161,782 1221,783 1281,784"/>
                <TextEquiv>
                    <Unicode>verständlichen, dann die durch den antinomen Gegensatz,</Unicode>
                </TextEquiv>
            </TextLine>
            <TextLine id="r1l6" custom="readingOrder {index:4;}">
                <Coords points="74,844 1296,844 1207,803 74,795"/>
                <Baseline points="81,833 141,834 201,834 262,835 322,835 382,836 443,836 503,837 563,837 624,838 684,838 744,839 805,839 865,840 925,840 986,840 1046,841 1106,841 1167,841 1227,841 1288,841"/>
                <TextEquiv>
                    <Unicode>dann die durch fortschreitende Accorde vermittelten Klang¬</Unicode>
                </TextEquiv>
            </TextLine>
            <TextLine id="r1l7" custom="readingOrder {index:5;}">
                <Coords points="73,909 568,908 568,883 496,860 197,873 73,850"/>
                <Baseline points="81,894 106,894 131,895 156,895 181,895 207,895 232,896 257,896 282,896 307,896 333,896 358,896 383,896 408,896 433,897 459,897 484,897 509,897 534,898 560,899"/>
                <TextEquiv>
                    <Unicode>folgen zusammenstellten.</Unicode>
                </TextEquiv>
            </TextLine>
            <TextEquiv>
                <Unicode>Wir haben im vorigen Abschnitte die einem Tone nächst¬&#13;
verwandten Klänge aufgesucht, indem wir vom tonischen&#13;
und phonischen c-Klange ausgehend, zuerst die unmittelbar&#13;
verständlichen, dann die durch den antinomen Gegensatz,&#13;
dann die durch fortschreitende Accorde vermittelten Klang¬&#13;
folgen zusammenstellten.</Unicode>
            </TextEquiv>
        </TextRegion>
        <TextRegion orientation="0.0" type="paragraph" id="TextRegion_1621256728837_3067" custom="readingOrder {index:2;} structure {type:paragraph;}">
            <Coords points="70,914 1295,914 1295,1511 70,1511"/>
            <TextLine id="r1l8" custom="readingOrder {index:0;}">
                <Coords points="162,962 1289,962 1289,930 1210,922 162,915"/>
                <Baseline points="170,954 225,954 281,955 336,955 392,956 447,956 503,956 558,957 614,957 669,958 725,958 781,959 836,959 892,959 947,959 1003,960 1058,960 1114,959 1169,959 1225,959 1281,958"/>
                <TextEquiv>
                    <Unicode>Mittelpunkt aller und je zweier entgegengesetzten Har¬</Unicode>
                </TextEquiv>
            </TextLine>
            <TextLine id="r1l9" custom="readingOrder {index:1;}">
                <Coords points="62,1022 1302,1021 1250,979 949,1008 887,979 62,986"/>
                <Baseline points="70,1011 131,1012 192,1013 253,1013 314,1014 376,1015 437,1015 498,1016 559,1016 620,1016 682,1017 743,1017 804,1017 865,1017 926,1018 988,1018 1049,1018 1110,1018 1171,1018 1232,1018 1294,1018"/>
                <TextEquiv>
                    <Unicode>moniefolgen waren einerseits der tonische, andererseits der</Unicode>
                </TextEquiv>
            </TextLine>
            <TextLine id="r1l10" custom="readingOrder {index:2;} textStyle {offset:10; length:1;italic:true; fontSize:0.0; kerning:0;}">
                <Coords points="69,1092 1296,1089 1270,1043 70,1042"/>
                <Baseline points="77,1073 137,1073 198,1073 258,1074 319,1074 380,1075 440,1075 501,1075 561,1076 622,1076 683,1076 743,1077 804,1077 864,1077 925,1077 986,1077 1046,1077 1107,1077 1167,1077 1228,1077 1289,1076"/>
                <TextEquiv>
                    <Unicode>phonische c-Klang. Diese letzteren selbst erkannten wir</Unicode>
                </TextEquiv>
            </TextLine>
            <TextLine id="r1l11" custom="readingOrder {index:3;}">
                <Coords points="73,1139 1281,1147 1295,1110 73,1097"/>
                <Baseline points="80,1133 140,1134 200,1134 261,1134 321,1134 381,1135 442,1135 502,1135 562,1135 623,1136 683,1136 743,1136 804,1136 864,1136 924,1136 985,1136 1045,1136 1105,1136 1166,1136 1226,1136 1287,1136"/>
                <TextEquiv>
                    <Unicode>als unmittelbare Gegensätze; ein eben solcher besteht zwi¬</Unicode>
                </TextEquiv>
            </TextLine>
            <TextLine id="r1l12" custom="readingOrder {index:4;}">
                <Coords points="75,1204 1295,1196 1269,1155 75,1164"/>
                <Baseline points="82,1193 142,1193 202,1193 262,1194 323,1194 383,1194 443,1194 504,1194 564,1194 624,1194 685,1194 745,1194 805,1194 865,1194 926,1194 986,1194 1046,1193 1107,1193 1167,1194 1227,1194 1288,1194"/>
                <TextEquiv>
                    <Unicode>schen den bezüglichen Tonsystemen. Von diesen aus verfol¬</Unicode>
                </TextEquiv>
            </TextLine>
            <TextLine id="r1l13" custom="readingOrder {index:5;}">
                <Coords points="74,1270 1182,1275 1292,1268 1293,1225 74,1221"/>
                <Baseline points="81,1251 141,1251 201,1252 261,1252 321,1253 382,1253 442,1253 502,1253 562,1254 622,1254 683,1254 743,1254 803,1254 863,1254 923,1254 984,1255 1044,1255 1104,1255 1164,1255 1224,1256 1285,1256"/>
                <TextEquiv>
                    <Unicode>gen wir in dualer Entwickelung das Verwandtschaftsgebiet.</Unicode>
                </TextEquiv>
            </TextLine>
            <TextLine id="r1l14" custom="readingOrder {index:6;} textStyle {offset:29; length:9;fontSize:0.0; kerning:0; letterSpaced:true;}">
                <Coords points="72,1323 1299,1313 1262,1275 1025,1302 73,1270"/>
                <Baseline points="80,1309 140,1310 201,1310 261,1311 322,1311 383,1312 443,1312 504,1313 564,1313 625,1313 686,1314 746,1314 807,1314 867,1314 928,1314 989,1314 1049,1314 1110,1314 1170,1313 1231,1313 1292,1312"/>
                <TextEquiv>
                    <Unicode>Hierin weichen wir schon von Hauptmann ab. In der Ab¬</Unicode>
                </TextEquiv>
            </TextLine>
            <TextLine id="r1l15" custom="readingOrder {index:7;} textStyle {offset:32; length:1;italic:true; fontSize:0.0; kerning:0;}">
                <Coords points="65,1380 1284,1398 1284,1351 1228,1331 65,1340"/>
                <Baseline points="73,1371 133,1371 193,1370 253,1370 313,1370 374,1370 434,1370 494,1370 554,1371 614,1371 675,1371 735,1372 795,1372 855,1372 915,1373 976,1373 1036,1373 1096,1374 1156,1374 1216,1374 1277,1374"/>
                <TextEquiv>
                    <Unicode>sicht des Verwandten-System von c-moll zusammenzustellen,</Unicode>
                </TextEquiv>
            </TextLine>
            <TextLine id="r1l16" custom="readingOrder {index:8;} textStyle {offset:44; length:1;italic:true; fontSize:0.0; kerning:0;}">
                <Coords points="74,1438 1192,1452 1294,1443 1295,1402 74,1397"/>
                <Baseline points="81,1426 141,1428 201,1430 261,1431 322,1432 382,1432 442,1433 502,1433 563,1433 623,1433 683,1433 743,1433 804,1433 864,1433 924,1433 984,1433 1045,1432 1105,1432 1165,1433 1225,1433 1286,1433"/>
                <TextEquiv>
                    <Unicode>entwickelt er (pag. 185) das rein-phonische g-System</Unicode>
                </TextEquiv>
            </TextLine>
            <TextLine id="line_1621256724390_3065" custom="readingOrder {index:9;} textStyle {offset:6; length:1;italic:true; fontSize:0.0; kerning:0;}">
                <Coords points="72,1516 181,1504 193,1516 224,1522 256,1498 329,1499 329,1478 262,1481 230,1451 183,1452 165,1467 71,1460"/>
                <Baseline points="80,1497 106,1498 132,1498 158,1499 184,1499 210,1500 322,1491"/>
                <TextEquiv>
                    <Unicode>(ohne h}). —</Unicode>
                </TextEquiv>
            </TextLine>
            <TextEquiv>
                <Unicode>Mittelpunkt aller und je zweier entgegengesetzten Har¬&#13;
moniefolgen waren einerseits der tonische, andererseits der&#13;
phonische c-Klang. Diese letzteren selbst erkannten wir&#13;
als unmittelbare Gegensätze; ein eben solcher besteht zwi¬&#13;
schen den bezüglichen Tonsystemen. Von diesen aus verfol¬&#13;
gen wir in dualer Entwickelung das Verwandtschaftsgebiet.&#13;
Hierin weichen wir schon von Hauptmann ab. In der Ab¬&#13;
sicht des Verwandten-System von c-moll zusammenzustellen,&#13;
entwickelt er (pag. 185) das rein-phonische g-System&#13;
(ohne h}). —</Unicode>
            </TextEquiv>
        </TextRegion>
        <GraphicRegion id="Graphic_1621256767182_3083" custom="readingOrder {index:3;} structure {type:floating;}">
            <Coords points="70,1511 1295,1511 1295,1585 70,1585"/>
        </GraphicRegion>
        <TextRegion orientation="0.0" id="TextRegion_1621256720809_3057" custom="readingOrder {index:4;} structure {type:paragraph-continued;}">
            <Coords points="70,1585 1295,1585 1295,2244 70,2244"/>
            <TextLine id="r1l20" custom="readingOrder {index:0;} textStyle {offset:13; length:1;italic:true; fontSize:0.0; kerning:0;}">
                <Coords points="163,1635 1292,1635 1276,1587 163,1586"/>
                <Baseline points="170,1626 225,1626 281,1626 337,1626 392,1626 448,1626 504,1626 559,1626 615,1626 671,1626 727,1626 782,1627 838,1627 894,1627 949,1627 1005,1626 1061,1626 1116,1626 1172,1625 1228,1625 1284,1624"/>
                <TextEquiv>
                    <Unicode>Da hier kein g-dur-Accord vorkommt, so schliesst</Unicode>
                </TextEquiv>
            </TextLine>
            <TextLine id="r1l21" custom="readingOrder {index:1;} textStyle {offset:0; length:9;fontSize:0.0; kerning:0; letterSpaced:true;} textStyle {offset:11; length:1;italic:true; fontSize:0.0; kerning:0;} textStyle {offset:25; length:1;italic:true; fontSize:0.0; kerning:0;} textStyle {offset:47; length:1;italic:true; fontSize:0.0; kerning:0;}">
                <Coords points="65,1692 1158,1708 1287,1699 1301,1655 435,1643 342,1674 65,1643"/>
                <Baseline points="73,1681 134,1683 195,1684 256,1685 317,1686 378,1687 439,1687 500,1687 561,1687 622,1687 683,1687 744,1687 805,1686 866,1686 927,1686 988,1685 1049,1685 1110,1685 1171,1685 1232,1685 1293,1686"/>
                <TextEquiv>
                    <Unicode>Hauptmann „g-dur sei mit c-moll (also mit phon g) nicht</Unicode>
                </TextEquiv>
            </TextLine>
            <TextLine id="r1l22" custom="readingOrder {index:2;}">
                <Coords points="65,1743 1293,1756 1293,1716 1238,1707 65,1714"/>
                <Baseline points="73,1741 133,1742 194,1742 254,1742 315,1743 376,1743 436,1743 497,1743 557,1743 618,1744 679,1744 739,1744 800,1744 860,1744 921,1744 982,1744 1042,1745 1103,1745 1163,1745 1224,1746 1285,1746"/>
                <TextEquiv>
                    <Unicode>verwandt.” (pag. 196). — Weiter ebenda heisst es: „Zu</Unicode>
                </TextEquiv>
            </TextLine>
            <TextLine id="r1l23" custom="readingOrder {index:3;}">
                <Coords points="67,1819 1290,1804 1148,1762 67,1762"/>
                <Baseline points="74,1803 134,1803 194,1803 255,1803 315,1803 376,1803 436,1804 496,1804 557,1804 617,1804 678,1804 738,1804 798,1804 859,1804 919,1804 980,1803 1040,1803 1100,1802 1161,1801 1221,1801 1282,1800"/>
                <TextEquiv>
                    <Unicode>jedem Tonartsysteme wird immer das gleichmässig entgegen¬</Unicode>
                </TextEquiv>
            </TextLine>
            <TextLine id="r1l24" custom="readingOrder {index:4;}">
                <Coords points="65,1877 1287,1874 1239,1819 65,1833"/>
                <Baseline points="73,1859 133,1861 193,1862 253,1863 314,1863 374,1864 434,1864 495,1864 555,1863 615,1863 676,1863 736,1862 796,1862 856,1861 917,1861 977,1861 1037,1861 1098,1861 1158,1861 1218,1862 1279,1863"/>
                <TextEquiv>
                    <Unicode>gesetzte in naher Verwandtschaft stehen.” Wir aber finden</Unicode>
                </TextEquiv>
            </TextLine>
            <TextLine id="r1l25" custom="readingOrder {index:5;}">
                <Coords points="69,1929 1291,1924 1246,1882 1165,1909 69,1886"/>
                <Baseline points="77,1918 137,1919 197,1920 257,1921 318,1921 378,1922 438,1922 499,1922 559,1922 619,1922 680,1922 740,1922 800,1922 860,1921 921,1921 981,1920 1041,1920 1102,1920 1162,1919 1222,1919 1283,1919"/>
                <TextEquiv>
                    <Unicode>den äussersten Gegensatz in diesen beiden Systemen. Die¬</Unicode>
                </TextEquiv>
            </TextLine>
            <TextLine id="r1l26" custom="readingOrder {index:6;}">
                <Coords points="65,1988 967,2003 1294,1988 1294,1936 1202,1966 65,1948"/>
                <Baseline points="73,1977 133,1978 194,1980 254,1981 315,1981 376,1982 436,1982 497,1982 558,1982 618,1982 679,1982 740,1981 800,1981 861,1981 922,1980 982,1980 1043,1979 1104,1979 1164,1979 1225,1979 1286,1979"/>
                <TextEquiv>
                    <Unicode>selben drei Töne sind in dem einen Tonica, Dominante und</Unicode>
                </TextEquiv>
            </TextLine>
            <TextLine id="r1l27" custom="readingOrder {index:7;}">
                <Coords points="73,2043 1290,2042 1195,1995 538,2024 73,1995"/>
                <Baseline points="80,2037 140,2037 200,2038 260,2039 320,2039 380,2040 440,2040 500,2040 560,2041 620,2041 681,2041 741,2041 801,2041 861,2040 921,2040 981,2040 1041,2039 1101,2038 1161,2038 1221,2037 1282,2036"/>
                <TextEquiv>
                    <Unicode>Unterdominante, — im andern Phonica, Regnante und Ober¬</Unicode>
                </TextEquiv>
            </TextLine>
            <TextLine id="r1l28" custom="readingOrder {index:8;}">
                <Coords points="66,2104 1288,2097 1101,2059 66,2067"/>
                <Baseline points="74,2096 134,2097 194,2098 254,2098 315,2099 375,2099 435,2099 496,2099 556,2099 616,2099 677,2099 737,2099 797,2099 857,2098 918,2098 978,2098 1038,2097 1099,2097 1159,2096 1219,2095 1280,2095"/>
                <TextEquiv>
                    <Unicode>regnante. Sofern eine Verwandtschaft in dem entgegenge¬</Unicode>
                </TextEquiv>
            </TextLine>
            <TextLine id="r1l29" custom="readingOrder {index:9;}">
                <Coords points="74,2165 1285,2157 1190,2115 74,2124"/>
                <Baseline points="82,2155 141,2156 201,2157 261,2158 321,2159 381,2159 440,2160 500,2160 560,2159 620,2159 680,2159 739,2158 799,2158 859,2157 919,2157 979,2156 1038,2156 1098,2156 1158,2155 1218,2155 1278,2155"/>
                <TextEquiv>
                    <Unicode>setzt gleichen besteht, finden wir ein, durch jene drei ge¬</Unicode>
                </TextEquiv>
            </TextLine>
            <TextLine id="r1l30" custom="readingOrder {index:10;}">
                <Coords points="71,2235 1278,2228 1291,2185 71,2186"/>
                <Baseline points="78,2216 138,2217 198,2218 258,2218 319,2219 379,2219 439,2219 500,2219 560,2219 620,2218 681,2218 741,2217 801,2217 861,2216 922,2216 982,2216 1042,2216 1103,2216 1163,2216 1223,2216 1284,2217"/>
                <TextEquiv>
                    <Unicode>gensätzlich bestimmten Klänge vermitteltes inniges Band der</Unicode>
                </TextEquiv>
            </TextLine>
            <TextEquiv>
                <Unicode>Da hier kein g-dur-Accord vorkommt, so schliesst&#13;
Hauptmann „g-dur sei mit c-moll (also mit phon g) nicht&#13;
verwandt.” (pag. 196). — Weiter ebenda heisst es: „Zu&#13;
jedem Tonartsysteme wird immer das gleichmässig entgegen¬&#13;
gesetzte in naher Verwandtschaft stehen.” Wir aber finden&#13;
den äussersten Gegensatz in diesen beiden Systemen. Die¬&#13;
selben drei Töne sind in dem einen Tonica, Dominante und&#13;
Unterdominante, — im andern Phonica, Regnante und Ober¬&#13;
regnante. Sofern eine Verwandtschaft in dem entgegenge¬&#13;
setzt gleichen besteht, finden wir ein, durch jene drei ge¬&#13;
gensätzlich bestimmten Klänge vermitteltes inniges Band der</Unicode>
            </TextEquiv>
        </TextRegion>
    </Page>
</PcGts>
