1502 2450
551 107 773 173 219
37 227 1282 275 zweite Ton erklang, ist das Ohr geneigt, dem Tone d die
41 289 1269 340 in Klammer geschlossene Bedeutung als eine unmittelbar
37 347 1277 396 verständliche zu geben. Dem widerspricht noch nicht das
42 406 1267 477 fis} im ersten, das b{ im zweiten Falle, denn die Bestand¬
40 482 1273 532 theile von d+ und d{0 schliessen sich keineswegs aus. Erst
39 554 1275 603 auf der sechsten Stufe bei h} und resp. f{ empfindet man den
43 619 1277 674 Widerspruch des Systems, der im gleichzeitigen Bestehen
37 682 1270 740 der Klänge g0 und g+ oder der Töne es{ und h} zu suchen
38 754 1274 812 ist. Analoges gilt für die Klänge a+ und a0 die gleich¬
38 827 1270 879 zeitig im System durch cis} und f{ vertreten sind. Rückwärts
46 891 1273 948 intonirt, empfindet man die unvermittelte Folge d+ — g0, und
40 955 1276 1004 d0 — a+ namentlich da soeben g+ und a0 unzweideutig Ausdruck
45 1011 1274 1076 fanden durch grosse Terzen h}, resp. f{. Das Schluss-d ist
42 1091 1272 1139 in seiner Klangbedeutung garnicht zweifelhaft. Wohl aber
37 1146 437 1213 die Töne g und a.
133 1259 1265 1324 Die in Klammern geschlossene Klangbedeutung hielte,
39 1324 1269 1394 in Erinnerung an die soeben vernommene Unterterz es{,
37 1403 1263 1449 resp. Oberterz cis} den phonischen, resp. tonischen Cha¬
37 1459 1274 1511 racter fest, und erst von der fünften zur sechsten Stufe
47 1531 1275 1586 empfindet man in den Tönen h} und f{ die präcise Deutung
48 1595 1284 1647 der Unterquinte g und der Oberquinte a. Empfunden wird
49 1651 1104 1707 die unvermittelte Folge (d0) — g+, resp. (d+) — a0.
148 1779 1269 1836 Versucht man in ähnlicher Weise die übrigen 10 Ge¬
50 1835 1270 1885 schlechter, von denen unsere Untersuchung ausging, vermit¬
49 1899 1261 1960 telt darzustellen, so wird man erkennen, dass die Klang¬
50 1956 1260 2007 bedeutung unbestimmt, dass die Anzahl unmittelbar verständli¬
53 2022 1276 2075 cher Klangfolgen geringer, ja sogar die Intonation, namentlich
45 2088 1269 2132 von e und c schwankend wird; endlich aber, dass der Ton d am
50 2134 1272 2188 Anfang und am Ende einer und derselben Tonreihe nicht
51 2195 1273 2254 gleichartig bestimmt wird, ja dass er selbst ganz seine
