1502 2450
666 123 932 171 66
192 216 1429 275 das untere c = 1, für die der anderen das obere c = 1
191 283 465 348 an, so folgt:
296 818 1437 868 Längst hatte man bemerkt, dass die letzte Leiter die
201 882 1442 928 Umkehr der ersteren 1) sei; nicht aber den consequenten
205 939 1437 988 Gegensatz, der sich im ganzen Bau und in allen Harmonieen
206 995 1443 1051 kund thut. So wie der tonische c-Klang in der ton. Leiter
207 1072 1436 1131 c — e} — g ist, so ist f — as — c als phonischer c-Klang der
202 1131 1440 1193 Mittelpunkt des zweiten Systems, und nicht c — es{ — g,
211 1203 1443 1250 wie bisher irrthümlicher Weise in der dorischen Leiter an¬
207 1274 1442 1323 genommen wurde. Wie der Bau der Accorde im tonischen
205 1323 1448 1371 System ein aufsteigender, im phonischen ein absteigender
213 1379 1452 1435 ist, so lese man auch alle phonischen Tonfolgen von rechts
205 1443 1443 1487 nach links, wie der Pfeil andeutet. Viele haben die Schreib¬
209 1499 1441 1554 weise für das dorische Geschlecht umgekehrt, ich finde
206 1563 1446 1610 aber dass eine der Klaviertastatur entsprechende Schreib¬
211 1619 1375 1665 weise bei weitem zweckmässiger und anschaulicher ist.
316 1677 1439 1739 Das Prinzip der Tonalität ist, wie bereits erwähnt,
210 1738 1448 1787 im Wesen einerlei mit dem der Phonalität. Beide sind
206 1796 1444 1852 in aller Musik herrschend gewesen, obgleich ersteres bisher
206 1858 1447 1920 allein erkannt, und wie Helmholtz 2) berichtet, namentlich
216 1916 1445 1963 von Fétis untersucht worden ist. Die Behandlung der Dur-
314 2067 798 2116 1) Helmholtz l. c. pag. 468.
310 2115 1433 2169 2) Helmholtz l. c. p. 367. Ich habe leider der für meine Untersuchung
210 2161 1447 2203 dringend wichtigen „Bibliographie universelle des musiciens” von Fétis nicht
210 2203 582 2243 habhaft werden können.
