1502 2450
765 122 877 173 158
200 219 1432 276 monie als mit einander im Streite dargestellt werden, ohne
205 284 1432 331 dass man gewahr wird, welches denn eigentlich die präcisen
206 338 1430 393 Forderungen dieses oder jenes Prinzipes seien, denn mit
205 403 1428 452 Ausdrücken, wie „linde Führung aller Stimmen” dürfte doch
205 460 1423 508 kaum eine zureichende Berechtigung gegeben sein, Gesetze
207 514 1421 580 zu verletzen. Eine Klangfolge wie g — h} — d — f . . . . .
203 594 1417 644 c — e} — g wird als Grundgesetz aufgestellt, alle übri¬
206 658 1430 716 gen noch möglichen Klangfolgen werden, ohne irgend einen
205 715 1429 763 leitenden Gesichtspunkt aneinandergereiht 1). Wenn wir
205 787 1426 836 solch eine Folge von Harmonieen, wie sie uns dort entge¬
207 833 1433 892 gentritt, bei Beethoven (im C-dur-Quartett Op. 59, No. 3)
209 892 1432 947 finden, so hat es gewiss seine Richtigkeit, wenn Marx sagt:
211 963 1429 1011 „Dergleichen kann nicht erübt, sondern empfunden und dann
213 1016 1436 1076 gefunden werden; es nachmachen ist Thorheit, es wissen ist
203 1075 1429 1124 Pflicht.” Ich möchte nur hinzufügen, dass das empfundene
206 1131 1444 1194 gewiss auch ein Gesetzmässiges ist. Pflicht ist nicht so
209 1195 1430 1252 sehr, das Vorkommen solcher Harmonie-Motive zu wissen,
205 1250 1425 1298 als vielmehr, ihren Zusammenhang zu erkennen. Der Zu¬
215 1307 1427 1363 hörer, meine ich, versteht die Musik, wenn er den Zusam¬
204 1379 1425 1435 menhang empfunden, der Theoretiker hat seine Aufgabe
207 1427 1422 1482 erst dann gelöst, wenn er empfunden hat, und den Zusam¬
206 1498 1432 1540 menhang darthun kann. Wenn man einen solchen aber noch
201 1565 1442 1611 nicht gefunden, so ist man keineswegs berechtigt, ihn zu
210 1603 1391 1660 läugnen. Wie trefflich schildert dieses Hauptmann 2):
313 1659 1433 1732 „Dass die Musik in der Produktion zeitlich am Hörer
212 1731 1427 1777 vorübergeht, dass wir im Fortgange immer nur das unmit¬
210 1786 1435 1836 telbar aneinanderhängende sinnlich vor uns haben, lässt
205 1843 1438 1899 Manches Mangelhafte in Form und Führung eines Ton¬
204 1914 1439 1964 stückes übersehen, was in einer zusammenfassenden, wenn
206 1963 1430 2028 wir so sagen dürfen, in einer architektonischen Vorstellung
211 2022 1426 2075 des Ganzen für den inneren Sinn sich nicht würde verber¬
310 2155 1179 2200 1) Man vergleiche pag. 246 und 247, Nr. 312 und 314.
296 2209 810 2259 2) Hauptmann l. c. pag. 200.
