1502 2450
528 103 724 172 57
54 219 1292 283 plus complet et plus lumineux qu'on avait fait jusqu'ici, nous
54 282 1294 331 devons avertir ceux qui liront ce traité, de ne se point faire
59 341 1293 388 illusion sur la nature de notre objet, et sur celle de notre
58 394 1285 452 travail. — Il ne saut point chercher ici cette évidence frap¬
50 460 1288 515 pante, qui est le propre des seuls ouvrages de Géometrie, et
54 515 1292 578 qui se rencontre si rarement dans ceux, où la Physique se
58 571 1288 627 mêle. Il entrera toujours dans la théorie des phénomenes mu¬
57 634 1286 684 sicaux une sorte de Métaphysique, que ces phénomènes suppo¬
58 704 1292 755 sent implicitement, et qui y porte son obscurité naturelle; on
57 762 1289 811 ne doit point s'attendre en cette matière à se qu'on appelle
57 811 1289 859 démonstration; c'est beaucoup que d'avoir réduit les princi¬
50 883 1294 931 paux faits en un système bien lié et bien suivi, de les avoir
54 931 1287 980 déduits d’une seule expérience, et d’avoir établi sur ce fonde¬
167 1442 1301 1483 Die von Helmholtz auserwählten Accorde sind nahezu auch nach unserer
55 1490 1297 1530 Hypothese die besten, so die ersten sechs und besonders der Accord 1. Die letzte
63 1531 1289 1575 Gruppe ist die schlechteste, und hat auch Helmholtz nur einen aufgenommen.
60 1579 850 1619 Die meisten haben hier Verdoppelungen der Terz e}.
157 1619 1297 1668 Dass die von uns aufgestellte Hypothese nicht hinreicht, dürfte aus mehren
58 1667 675 1707 Beispielen nachgewiesen werden können.
159 1707 1296 1747 Aehnliche Versuche über Anordnung aller Septimenaccorde wage ich vollends
52 1755 1295 1801 nicht mitzutheilen. Zu erwähnen wäre nur noch, dass die Reihenfolge für das
57 1803 1301 1842 Verständniss eines vierstimmigen phonischen e}-Klanges sich unmittelbar durch die
61 1840 1293 1884 Umkehr der obigen Harmonieen ergiebt. Kehrt man das Blatt um, und denkt sich
61 1883 1304 1931 wiederum den Bass-Schlüssel gegeben, so ist die Reihe von rechts nach links zu
61 1919 192 1968 nehmen. —
169 1971 1295 2019 Dass die dissonanten Intervalle anders beurtheilt, und zwar durch eine
61 2011 1295 2059 complicirtere Funktion der Schwingungszahlen dargestellt werden müssen, leuchtet
66 2067 1300 2108 ein. Beispielsweise hätte das Intervall e}:d = 5:9 die Maasszahl 45, käme also
64 2114 1298 2155 zwischen kl. Sexte (40) und kl. Decime (60) zu stehen. Offenbar unterliegt hier
60 2148 1297 2195 die Verwandtschaft zweiten Grades, die doppelte Quintgeneration, einer besonderen
64 2181 267 2240 Beurtheilung.
