1502 2450
779 118 861 180 40
297 227 1441 283 Mit Hülfe unseres Prinzipes gewinnen alle die Haupt¬
204 288 1430 340 mannschen philosophischen Begriffsbestimmungen einen reel¬
198 346 1436 397 len Boden. Hier aber erscheint die Frage von grösster Be¬
197 404 1437 467 deutung, wie weit die physiologische Begründung vorhanden,
198 466 1293 524 und in wie weit wir sie als nothwendig anerkennen.
298 524 1437 587 Helmholtz nimmt einen ganz andern Standpunkt ein,
197 591 1428 636 als Hauptmann. Helmholtz findet das Verständniss ei¬
206 654 1436 707 nes Zusammenklanges nicht in der gegenseitigen Intervall¬
199 707 1445 753 beziehung der Töne, sondern in der Art und Weise, wie
205 763 1445 816 dieselben als Bestandtheile eines Grundklanges angesehen
202 819 1440 875 werden können, also gerade in dem Prinzip der Tonicität.
201 882 1437 930 Die Berechtigung hiezu beruht auf dem Prinzip der Klang¬
209 961 1447 1003 verwandtschaft. Wir kennen c e} g als Bestandtheile des
208 1011 1447 1058 C-Klanges, denn wenn letzterer ertönt, werden allemal, wenn
209 1079 1441 1131 ein an Obertönen reicher Klang unser Ohr afficirt, alle die
202 1131 1435 1180 demselben entsprechenden Fasern unseres Gehörorgans (Cor¬
204 1187 1442 1243 tische Fasern) in Schwingungen versetzt. — Dadurch sind
211 1257 1444 1300 wir im Stande, umgekehrt, wenn mehre Töne erklingen, zu
206 1307 1441 1362 unterscheiden, ob und welchem Grundklange sie angehören.
206 1371 1438 1420 Letzteres Moment, und das ist hier wohl zu beachten, be¬
204 1426 1441 1475 ruht auf einer psychologischen Thätigkeit, „der Erin¬
210 1498 1440 1547 nerung”. Ohne Hinzuziehung dieser wäre in der That jede
200 1547 1441 1594 Erklärung fruchtlos. — Nun aber kann nicht geläugnet wer¬
205 1607 1434 1657 den, dass wir die Intervalle erkennen, auch wenn ganz ober¬
208 1667 1447 1716 tonlose Klänge angegeben werden, und noch mehr: Wir
205 1731 1446 1779 sind im Stande Töne und Melodieen zu denken, ohne
209 1787 1442 1836 dass irgend ein Theil des Gehörorgans durch äussere physi¬
204 1844 1446 1899 kalische Erregungsmittel afficirt werde, und wir können
211 1907 1440 1956 uns Töne in reiner und solche in unreiner Stimmung vor¬
202 1963 1440 2019 stellen. Das Prinzip der Verwandtschaft der Klänge müssen
205 2026 1441 2091 wir anerkennen in der Art, wie es Helmholtz dargethan,
203 2083 1445 2133 aber es gewinnt eine tiefere Bedeutung, wenn wir es als Grund¬
208 2145 1446 2203 lage einer nunmehr verständlichen psychologischen Thätigkeit
202 2203 385 2257 erfassen.
