1502 2450
813 122 955 172 56
237 226 1474 276 bereits von d’Alembert erkannt. In der Einleitung zu dem
229 282 1460 329 bereits früher citirten Werke befindet sich folgende interes¬
233 340 500 396 sante Stelle:
333 420 1464 465 „Au reste, en destinant cet ouvrage à éclaircir la théo¬
238 459 1463 524 rie de la musique, et à la réduire en un corps de science,
230 591 1472 635 denn der Ton e} liegt tief unten, und c, dessen fünfter Oberton erst — e} liegt
229 628 1461 675 hoch oben. Der beste Accord nach meiner Reihe hat die natürlichste Lage,
238 691 1464 723 e} möglichst hoch, c tief und das a} in der Mitte. Bei Helmholtz ist dieser Ac¬
236 723 1460 771 cord erst der siebente. Nur der neunte Accord (nach Helmholtz der dritte)
232 770 1468 815 scheint mir in der That einen höheren Rang zu verdienen, und lässt die Vermuthung
234 811 1463 851 offen, ob die Maasszahl 60 für die kleine Decime nicht zu hoch ist. Vor allem
228 852 1462 892 ist aber Helmholtz’s Auffassung gegenüber daran zu erinnern, dass die
234 898 1460 938 Mollaccorde phonisch consonant sind, und die dissonirenden Obertöne des Duraccor¬
233 938 1464 980 des einen weit schlimmeren Einfluss auf den Wohlklang ausüben dürften, als die an Zahl
231 979 1464 1026 geringen und im Allgemeinen, wenigstens beim Gesange, sehr schwachen Com¬
233 1014 433 1063 binationstöne.
330 1066 1463 1107 Auch auf Vierklänge habe ich die Hypothese geprüft, und je nach den Sum¬
224 1106 1456 1154 men der Maasszahlen aller Intervalle eine Reihenfolge hergestellt. Die Schwin¬
230 1171 1460 1204 gungszahlen sind aber alsdann stets auf c = 1 bezogen, so dass die Octave e} —
226 1208 853 1252 e}′ = 50 und g — g′= 18 gesetzt wurde.
337 1252 1465 1299 Es giebt 36 verschiedene Lagen innerhalb zweier Octaven. Von diesen
223 1298 1457 1340 führt Helmholtz nur die besten an, 11 an der Zahl. — Da je nach dem Grund¬
233 1338 1460 1387 tone der Eindruck eines vierstimmigen Accordes sich durchaus ändert, so werde ich
230 1380 1459 1428 die allgemeine Reihenfolge in Zahlen angeben und die zwölf Dreiklänge von den
230 1427 1033 1468 zwölf Sext- und den zwölf Quartsextaccorden trennen.
