1502 2450
688 114 947 172 202
308 223 1452 284 Es ist kaum denkbar, dass die Terztöne c und resp. e
215 284 1449 332 intonirbar seien. Je einer derselben gestattet aber die Bil¬
219 338 1447 396 dung eines reinen Dreiklanges in den transponirten Syste¬
216 404 1460 460 men II. 4 und IV. 1. Dadurch ergäben sich folgende zwei
218 458 417 514 Cadenzen
206 595 601 660 zum transp. II, 4. $$MUSIC
208 851 625 916 zum transp. IV, 1. $$MUSIC
316 1008 1457 1065 Die erste (zur aufsteigenden g-moll-Leiter gehörig)
213 1067 1450 1114 bringt in unmittelbarer Folge zwei um eine antinome Dop¬
215 1131 1350 1188 pelquint entfernte Klänge, d0 — c+, ebenso die zweite
767 1186 945 1236 d+ — e0.
318 1259 1462 1309 Das System setzt die Bindeglieder voraus, resp. im g
215 1315 1463 1363 und a-Klange. Die unmittelbar verständlichen Folgen wären
314 1515 1462 1561 Nun sind aber weder g-, noch a-Klänge vorhanden. Es
213 1571 1453 1619 würde mithin einen erkünstelten Eindruck hervorrufen, wollte
217 1635 1335 1683 man geflissentlich diese Uebergänge stets vermeiden.
319 1698 1462 1748 Eine ähnliche Cadenz giebt das leittonlose Geschlecht
211 1763 1465 1809 III. 3 nicht, da es fünf dissonante Gebilde besitzt. Statt
220 1819 1044 1883 dessen existiren gleichzeitig die Folgen
332 2124 1448 2172 Um dieser Armuth willen sind diese Systeme zu ver¬
221 2179 1463 2229 werfen. Uebrigens ist die aufsteigende Molltonleiter auch
