1502 2450
491 114 783 173 217
145 459 1274 508 Man braucht aber nur harmonisch die Tonleiter zu be¬
41 523 1274 580 gleiten, und man wird die Ueberzeugung gewinnen, dass
42 579 1282 627 die letztere Deutung nicht die nächstliegende ist. Unsere
49 634 1273 692 Erklärung im phonischen Geschlecht widerspricht aber
48 699 1272 747 allen bisherigen Auffassungen, wie auch nicht anders mög¬
49 755 1273 811 lich, da die phonischen Klänge nach den untergeordneten
41 818 1271 867 Grundtönen der Dreiklänge benannt wurden. Ich will die
53 887 1274 939 phon. Leiter noch durch Andeutung der Bestandtheile aller
50 938 1275 988 vermittelnden Dreiklänge melodisch darthun, und hoffe in
49 1007 1277 1060 meinem Urtheil nicht zu irren, wenn ich behaupte, dass die
39 1059 959 1107 harmonische Deutung naturgemäss erscheint.
143 1378 1261 1435 Das Spiegelbild liefert unmittelbar die harmonische Be¬
35 1435 590 1500 gründung der Durtonleiter.
137 1499 1284 1550 Schon früher hatte ich dargethan, dass die Stimmung
41 1555 1272 1612 des Tones f{ von c abhängig gemacht worden, welch letz¬
49 1627 1282 1680 teres als Unterdominant der vorstehenden Leiter (g-moll)
41 1683 1275 1747 galt. Daher Hauptmann f statt f{ nimmt, und die Stimm¬
39 1754 1278 1804 führung von f und es{ an dem Tone c geschehen lässt.
49 1819 1279 1875 Um es kurz zu bezeichnen, nimmt Hauptmann die Seite
53 1883 1280 1932 215 in Klammer verzeichnete Bedeutung der Töne als maass¬
49 1940 1285 2003 gebend für Intonation und Stimmführung an. — Nach unserer
42 2003 1275 2052 Darstellung sind sämmtliche Harmoniefolgen unmittelbar
48 2060 1279 2115 verständlich bis auf die von der sechsten zur siebenten
43 2132 1279 2184 Stufe von h} nach cis}, wo sich die Klänge g+ und a+ folgen.
50 2187 1291 2245 Letzteres ist aber lediglich vorgreifender Klang an
