1502 2450
768 116 850 172 52
182 219 1440 275 kleine Terz und ihre Umkehrung, die grosse Sexte, und alle
185 282 654 347 Erweiterungen beider:
280 1004 1434 1060 In ähnlicher Weise könnte leicht weiter untersucht
187 1066 1431 1115 werden, welche Beziehungen zwischen ton. Gr. und phon. Ob.
187 1123 1430 1180 und den gegebenen Intervalltönen bestehen, wenn höhere
191 1188 1423 1236 Potenzen von 3 und 5 in den Schwingungszahlen vorkom¬
184 1242 1432 1300 men. Allein weder für praktische noch für theoretische
185 1306 1425 1349 Gesichtspunkte würde ein erheblicher Vortheil aus der Un¬
187 1363 1429 1419 tersuchung der weiterliegenden Gebilde erwachsen. Die
189 1428 1426 1477 besonderen Eigenschaften complicirterer Intervalle betrachten
196 1483 1437 1533 wir deshalb nur in jedem speciellen Falle, dem wir im Laufe
190 1547 773 1595 der Untersuchung begegnen.
290 1603 1418 1651 Es leuchtet nun von selbst ein, dass innerhalb der Ver¬
195 1660 1424 1714 wandtschaft ersten Grades ein Unterschied durch die bezüg¬
194 1722 1429 1773 lichen Ordnungszahlen der in Frage stehenden Partialtöne
197 1778 1427 1828 entsteht. Helmholtz sagt: „Je stärker die beiden überein¬
190 1843 1428 1892 stimmenden Partialtöne sind im Verhältniss zu den übrigen
197 1898 1432 1955 Partialtönen zweier im ersten Grade verwandter Klänge,
185 1963 1426 2012 desto stärker ist die Verwandtschaft.” Aus dem bereits
194 2018 1426 2075 früher angegebenen Grunde möchte ich aber auch hier von
188 2086 1416 2132 der Existenz reell angegebener Klänge ganz absehen. Zu¬
194 2139 1429 2197 gegeben, dass die Frische des Eindruckes einen Einfluss auf
191 2203 1440 2248 den Zuhörer ausübt, so sind doch die Töne des Intervalles
