1502 2450
564 130 813 180 243
65 235 1324 282 beharrt, während die andere in derselben fort¬
70 291 1316 347 schreitet. Daraus folgt, dass allemal mehrere Auflösungen
66 346 1296 419 möglich sind. In vorliegenden Beispielen könnte auch g+,
61 410 689 461 resp. a0 unverändert bleiben:
173 612 1309 663 Noch andere Auflösungen sind möglich, weil die Be¬
70 675 1312 724 deutung von c+ + g+ für den ersten Accord nicht unum¬
65 731 1316 796 gänglich nothwendig. Im phon. g-System kommt derselbe
65 799 1318 844 Accord vor, und ebenso im phon. d-System, ferner rechts
71 858 1324 915 a} — d} — e} — a} in ton. a} und in ton. d}. In diesen Fällen
76 923 1134 982 erhielten die Vorhaltsdissonanzen andere Deutungen:
175 1274 1311 1324 Wir wählen im letzten Falle die verzeichneten Deutun¬
65 1349 1316 1396 gen für die Dissonanzen und nicht die früheren, nach dem
70 1395 1314 1452 Grundsatze, dass das Gehör die möglichst einfachste Bestim¬
62 1459 393 1515 mung ausführe.
179 1523 1312 1573 Eine andere Ganzton-Vorhaltsdissonanz ist nach der
62 1587 1144 1643 nebenstehenden Seite der Ton. und Phon. gerichtet
177 1994 1314 2052 Man ersieht aus allen Beispielen, dass ohne Kenntniss
69 2058 1301 2115 der Auflösung eine Deutung nicht möglich. Ein und der¬
65 2130 1307 2172 selbe Accord kann als Vorhalt und wiederum als Septimen¬
65 2178 648 2236 harmonie aufgelöst werden:
