1502 2450
764 82 916 132 70
185 187 1425 235 zu Grunde. Der ganze Aufbau des Mollsystems ist aber
192 243 1438 292 ein solcher, wie ich ihn nicht anerkennen kann. Naumann
183 307 1421 355 namentlich will die Unterdominant-Seite, wie er sich aus¬
183 364 1415 427 drückt, in Folge „einer Art harmonischen Gerechtigkeit”,
188 427 1426 475 beim Absteigen eben so bevorzugen, wie solches mit den
190 482 1424 540 Bestandtheilen der Oberdominantseite in der aufsteigenden
190 540 1427 596 Tonleiter geschehen ist. Diese Ausdrucksweise kennzeichnet
195 603 1416 667 das Willkührliche des Verfahrens. Anders Hauptmann,
190 659 1424 716 der den vermittelnden Fundamentalbass zwischen f und es
190 724 1433 787 sucht und denselben in dem Tone b finden will 1). Wir
190 787 1429 838 dagegen haben es in der phonischen Leiter mit derselben
193 850 1430 899 Schwierigkeit zu thun, die der Ton a} auf der sechsten
190 909 1430 962 Stufe der Durleiter bereitet. d’Alembert 2) ist in den¬
188 970 1439 1023 selben oder richtiger in den analogen Fehler verfallen, wenn
189 1053 1425 1107 er statt a} = $$MATH, den Ton a = $$MATH als Quint von d ein¬
186 1099 1429 1153 führte, wie schon Helmholtz mit Recht rügt 3), vom Prinzip
192 1156 1427 1212 der Tonalität aus muss gewiss die nähere Verwandtschaft
192 1232 1430 1291 des a} betont werden. In Betreff der Stimmung des Tones
193 1304 1430 1347 d oder d} der aufsteigenden Leiter begegnen wir eben solch
190 1364 1424 1420 einer Differenz der Meinungen; Helmholtz und Haupt¬
189 1419 1081 1467 mann leiten diesen Ton verschieden ab 4).
293 1475 1431 1524 Um näher die Beschaffenheit unserer beiden gegensätz¬
196 1530 1437 1588 lichen Geschlechter zu untersuchen, transponiren wir das
193 1595 1433 1659 phonische um eine grosse Terz. Die ton. - c und die
193 1659 1426 1722 phon.-e} Leiter sind nur in einem Tone von einander un¬
200 1723 447 1772 terschieden:
296 1838 1426 1892 1) Hauptmann pag 61. Ueberall ist hier der Ton B in der C-moll
198 1884 1413 1931 Tonleiter gemeint. Darum schreibt Hauptmann absteig.: C B as G F es D C. —
197 1931 1415 1971 B ist die Quinte von F. Dadurch entsteht aber ein neues Gebilde in der abstei¬
195 1971 1412 2031 genden Leiter, nämlich G B D, oder nach meiner Schreibweise g b d, ein pythagoräi¬
200 2029 1121 2060 scher Molldreiklang, den Hauptmann nicht weiter beachtet.
294 2067 957 2111 2) d'Alembert l. c. pag. 39. (Anm. (o).
292 2123 989 2163 3) Helmholtz l. c. pag. 426 bes. die Anm.
291 2170 882 2216 4) Helmholtz L. c. pag. 426. Anm.
