1502 2450
314 667 1033 732 I. Tonleiter der reinen Systeme.
153 754 1289 809 Zu einem Systeme gehört eine Gruppe nahverwandter
57 812 1298 868 Töne. Soll das Ohr einen Maassstab für die Beziehungen
58 875 1297 924 der Töne gewinnen, so muss ein Ton als Centrum des Syste¬
62 932 441 995 mes gegeben sein.
157 995 1304 1044 Sehen wir von der Octave ab, so sind die beiden
64 1052 1301 1108 Quinten die nächsten Verwandten. f und g stehen zu
60 1122 1288 1171 c in dieser nahen Beziehung. c, durch seine beiden
63 1172 1297 1235 Quinten bestimmt, würde Centrum des Systems c, f, g
63 1227 1295 1283 sein. Diesen Namen kann indess die vorliegende Zusammen¬
58 1298 1290 1341 stellung noch nicht beanspruchen, weil in derselben noch kein
64 1347 1292 1411 Dreiklang möglich. Nach dem Prinzip der Klangvertretung,
66 1409 1296 1474 das wir hier aufrecht zu erhalten haben, ist jeder Zweiklang
61 1474 1295 1518 von unbestimmtem Character. — Wir hätten im vorliegen¬
66 1523 1290 1580 den Falle zwar unzweideutig in der Folge der beiden mög¬
64 1586 1126 1641 lichen Zweiklänge c als Centrum zu erkennen, weil
436 1643 901 1715 f — c = f+ und = c0
445 1703 917 1772 c — g = c+ und = g0
60 1776 1302 1819 aber jeder Zweiklang für sich ist zweideutig. Ohne Hinzunahme
66 1826 1289 1882 von Terzen ist daher ein System nicht denkbar. Nun wissen wir
68 1890 1295 1940 aber, dass die Art der Klangvertretung eine wesentlich verschie¬
65 1943 1287 1996 dene ist, je nachdem die unteren oder oberen Terzen genom¬
65 2010 1288 2051 men werden. Fügen wir dem Intervall f — c eine Unter¬
67 2060 1296 2115 terz von c hinzu, so erhalten wir unzweideutig c0. Nehmen
66 2124 1290 2187 wir die Oberterz von f, so verschwindet die Bedeutung c0,
62 2186 736 2251 dagegen entsteht deutlich ein f+.
