1502 2450
613 114 730 172 203
50 229 1285 283 niemals als selbstständiges System aufgestellt worden,
49 282 656 332 auch bei den Griechen nicht.
136 346 1284 397 Noch zwei Systeme finden wir, in welchen der Mittel¬
48 411 1279 467 ton d keinen Ausdruck findet, III. 2, und III. 5, was immer
46 466 1277 531 der Fall ist, wenn beide Töne, fis} und b{, fehlen. Beide
45 547 1283 600 Systeme haben nur zwei consonante Klänge, alle übrigen
51 610 1279 660 sind dissonant. Das System III. 5 hat gar keine Berechti¬
45 668 1284 723 gung, da es sich nicht einmal auf g oder a transponiren
45 731 1279 796 lässt, denn statt der unteren Quinte von g haben wir cis},
47 795 1282 849 und statt der oberen von a haben wir es{. — Anders mit
38 867 1276 915 dem Systeme III. 2, welches unter dem Namen phrygische
42 923 1280 969 Tonart (dorische Kirchentonart) bekannt ist, und sich so¬
50 987 1268 1035 wohl auf den Ton g, als auf a zurückführen liesse. Es ent¬
39 1044 1282 1098 stünden folgende Systeme, wenn wir die Leiter um eine
48 1107 881 1163 Quinte versetzen und dann transponiren:
133 1330 1281 1380 Das erstere, wiederum identisch mit III. 3, hat in vor¬
38 1387 1275 1436 liegender Stimmung nur d+ und e0 consonant, — das andere
43 1443 1269 1500 nur in der Stimmung unterschieden, ist identisch mit IV. 2.
41 1507 1267 1572 In diesem aber ist ein consonanter a0-Klang vorhanden,
48 1576 1273 1619 während das andere wiederum nur den consonanten Drei¬
37 1627 1277 1675 klang d0 und den weit entfernten c+-Klang besitzt. Mithin
42 1684 1276 1739 sind III. 2 und III. 5 zu verwerfen. Bemerken wir, dass
41 1753 1278 1796 d als Mittelpunkt gefasst, die Intonation von c und e stets
37 1815 1272 1859 schwankend und unsicher werden muss, und wird die In¬
42 1867 1198 1916 tonation bestimmt, so bleibt d nicht mehr Schwerpunkt.
142 1947 1267 1996 Aus der dritten Classe sind trotz mehrer consonanter
35 2002 1277 2048 Gebilde doch noch die Systeme III. 1, und III. 6 auszu¬
39 2058 1270 2122 schliessen, weil sie ihren Schwerpunkt verlieren müssen,
45 2123 1277 2172 ersteres nach g, letzteres nach a hin. Versetzen wir den
45 2179 837 2238 Anfangston in III. 1 nach g, so wird
