1502 2450
752 98 914 155 230
281 204 1434 256 Umgekehrt können die Bestandtheile verschiedener
186 266 1434 316 Klänge zu ein und derselben Septimenharmonie combinirt
190 324 579 379 werden. So z. B.
290 618 1416 668 Die meisten Dissonanz-Gebilde sind in dieser Art mehr¬
184 681 1423 724 deutig. Eine Bestimmtheit gewinnen sie erst durch die
190 731 455 804 Auflösung.
290 827 1424 883 Die Anzahl drei- und vierstimmiger Dissonanzen in jedem
189 890 1435 939 Tonsysteme ist überaus zahlreich. Ohne im entferntesten
188 955 1425 1004 alle Combinationen erschöpfen zu wollen, soll meine Absicht
186 1011 1419 1059 im Folgenden darauf gerichtet sein, eine befriedigende Lö¬
190 1067 1426 1124 sung des vorliegenden Problemes anzudeuten, so dass der
181 1131 1423 1175 Leser, wenn die Hauptgrundsätze allgemein und klar fest¬
189 1186 1436 1252 gestellt sind, sich im Einzelfalle selbst wird Rechenschaft
181 1251 1176 1307 geben können über die nothwendige Erklärung.
292 1344 1415 1404 Da der consonante Klang mit drei Tönen bestimmt ist,
190 1402 1427 1452 werden wir sicher nur dann dissonante Gebilde in einem
183 1468 1418 1515 Systeme antreffen, wenn wir vier verschiedene Töne un¬
183 1522 1055 1572 serer Systeme mit einander combiniren 1).
285 1619 1429 1668 Stellen wir wiederum das tonische c-, und phonische
189 1692 1413 1740 e}-System einander gegenüber, schliessen zunächst Sekund¬
186 1747 1423 1803 intervalle aus, so finden wir in beiden mehrfach dieselbe
193 1811 1426 1859 Septimenharmonieen die in folgender Uebersicht zusammen¬
187 1866 458 1928 gefasst sind:
294 2018 787 2083 1) Helmholtz l. c. pag. 514.
