1502 2450
773 122 898 174 240
211 219 1444 276 mals dieselbe aber vollständig aufheben. Nimmt man da¬
210 282 1444 340 her jede beliebige Umlagerung als statthaft, so nimmt die
207 350 1441 396 Anzahl bedeutend zu. Ausserdem aber giebt es noch viele
209 406 1445 456 dreistimmige Gebilde, die recht wohl in der Musik vorkom¬
211 470 1446 523 men, und zwar mit verständlicher Klangbedeutung. Ihre
213 523 1444 572 Anzahl liesse sich reduciren, wenn man bloss die Schwin¬
215 578 1389 643 gungsverhältnisse im Auge behielte. Beispielsweise sind
213 783 1444 828 nicht different, haben aber innerhalb des Systemes verschie¬
220 834 552 899 dene Bedeutung.
318 907 1447 964 Es dürfte überflüssig erscheinen, sämmtliche vierstim¬
216 979 1452 1035 mige Combinationen, deren es in jedem Systeme offenbar
214 1030 1451 1084 35 giebt, zu erschöpfen. Ebenso leicht liessen sich die 21
216 1091 1448 1139 fünf-, und 7 sechsstimmigen Zusammenklänge bezeichnen.
209 1146 1451 1201 Die wichtigsten werden wir zugleich mit den Auflösungen
209 1211 1442 1259 kennen lernen, hier stellen wir blos dissonante Accorde zu¬
218 1268 1456 1323 sammen, ohne Auflösung. Solange wir die Töne der reinen
211 1323 1445 1377 Systeme nach ihren ursprünglichen Klangbestimmungen deu¬
217 1388 1448 1437 ten, erscheinen in den Dissonanzen nur homonome
219 1454 1449 1500 um einen oder um zwei Quintschritte entfernte
217 1507 1015 1556 Klänge mit einander verbunden.
298 1579 1454 1628 Als unmittelbar verständliche Klangfolgen stellten wir aber
219 1640 1445 1692 früher noch den antinomen Wechsel hin. Offenbar kann nur
220 1698 1449 1747 in gemischten Systemen eine Combination antinomer Klänge
221 1756 1454 1811 auftreten. Damit nämlich eine solche Dissonanz entstehen
219 1819 1452 1868 könne, muss die Zahl 5 unter den Schwingungszahlen der
227 1876 1445 1925 Töne zweimal als Faktor vorkommen; (in den reinen Syste¬
217 1946 1449 1996 men ist sie nur einmal vorhanden). In diese Kategorie von
213 1996 1438 2042 Dissonanzen gehören sämmtliche verminderte Septimenac¬
222 2051 1444 2108 corde, übermässige Sextenaccorde u. a. Die hauptsächlich¬
213 2115 1448 2163 sten derselben sind in den gemischten Systemen des Tones
213 2171 459 2235 d folgende:
