1502 2450
516 122 820 181 17
49 234 1302 283 und fügt so oft den Factor 2 oben oder unten hinzu, dass
53 291 896 342 der Accord in die richtige Lage kommt:
54 386 1291 468 also d : f : a} = $$MATH; oder f : d′ : a}′ = $$MATH. Für
54 507 978 587 f as{ c′ erhalten wir f = $$MATH, as{ = $$MATH, c′ = 1.
55 618 563 691 also f : as{ : c′ = $$MATH. —
153 698 1310 752 5) Nehmen wir zu einem Tone die Terz nach oben
63 764 1289 812 und die Quinte zur Rechten hinzu, so haben wir einen Dur¬
66 820 1304 876 dreiklang, nehmen wir von demselben Tone aus die Terz nach
58 883 1295 932 unten, die Quinte nach links hinzu, so finden wir einen rei¬
58 938 438 1002 nen Molldreiklang.
162 1155 1301 1204 Alle reinen consonanten Dreiklänge stehen also in Form
55 1210 1300 1260 rechtwinkliger Dreiecke, deren Hypothenusen sämmtlich in
57 1268 1311 1318 der Mollterzdiagonale liegen. Der Durdreiklang hat den
55 1330 1308 1379 rechten Winkel nach unten gekehrt, der Molldreiklang nach
61 1388 166 1444 oben.
157 1451 1299 1498 Ich hätte die durch Hauptmann eingeführte, von Nau¬
62 1519 1303 1564 mann, später wieder von Helmholtz geänderte Notation
56 1563 1301 1619 beibehalten, wenn nicht durch die Symmetrie der hier
60 1627 1304 1683 mitgetheilten Schreibart ein erheblicher Gewinn hervorginge.
60 1689 1303 1747 Dieser Vortheil einerseits, dann auch der Umstand, dass nur
64 1747 1295 1812 wenig bisher Hauptmanns Schreibweise Eingang gefunden,
67 1811 1303 1867 und zudem drei verschiedene Arten mir vorliegen, mögen diese
67 1866 1309 1916 Neuerung rechtfertigen. — Man halte nur die Regel fest:
61 1924 1319 1988 Jede reine grosse Oberterz oder die kleine Unterterz,
67 1980 1290 2036 hat einen Strich oben mehr, als der gegebene Ton, und um¬
63 2035 1306 2099 gekehrt hat die grosse Unterterz oder die kleine Ober¬
60 2107 1313 2162 terz einen Strich unten mehr, als der gegebene Ton.
