1502 2450
788 114 948 173 150
218 220 1446 275 Die Folge erscheint schwankend, weil jeder Ton seine
215 284 1452 331 Klangbedeutung beibehält, und nicht präcise und bestimmt
217 346 1441 404 in eine andere sich umwandelt. So ist es zu verstehen,
226 404 1448 451 wesshalb der homonome Quintschritt verständlicher und be¬
225 461 1454 516 stimmter ist, als der antinome. Ja der letztere durch
223 516 1440 580 jenen vermittelt, zerfällt in zwei feste und unmittelbar ver¬
221 578 603 636 ständliche Schritte
212 883 1145 935 Für die Deutung des gegensätzlichen Paares
229 1175 1457 1226 wäre nach bisheriger Anschauungsweise in 4 von c-dur
217 1235 1454 1284 nach dem b-Molldreiklang ein Sekundschritt zu erblicken.
221 1291 1451 1340 Wir dagegen erkennen eine weit nähere Beziehung, nämlich
227 1354 1446 1403 wiederum einen antinomen Quintschritt, im ersten in die un¬
223 1410 1448 1461 tere, im zweiten Beispiel in die obere Quinte. Fassen wir
214 1467 1456 1530 die Accorde als Vertreter der entsprechenden Tonsysteme,
215 1530 1455 1580 so wäre im zweiten Beispiel die Phonica c in eine Unterdo¬
220 1601 1461 1644 minante des folgenden Systems (g-dur) verwandelt. — Die
216 1650 1456 1700 Umwandlung selbst ist keine schwankende. Der Accord
219 1706 1459 1771 f — as{ — c als f-Klang gefasst, hätte gar keine nahe Be¬
213 1779 592 1844 ziehung zu g-dur.
319 1835 1457 1892 Die beiden zuletzt angeführten Paare von Klangfolgen
212 1898 1446 1955 treffen wir in der Reihe II, wie erwähnt wurde, nochmals an,
214 1956 1451 2011 und zwar sub 3, 4, 7 und 8, weil im combinirten ton. und
215 2022 1452 2076 phon. c-System die Töne c — f — g in doppelter Gestalt
217 2074 1445 2131 Ausdruck finden, d. h. einen tonischen und einen phonischen,
221 2131 1449 2184 daher es offenbar zwei Wege giebt, um von je einem dieser
216 2194 1445 2243 Klänge zum antinomen irgend eines anderen zu gelangen, z. B.
