1502 2450
605 113 778 164 237
51 211 1298 268 Sinn für diesen von Hauptmann gemachten Unterschied
45 275 1284 323 auch nicht deutlich ausgebildet.” Ich möchte dagegen er¬
54 338 1287 395 widern, dass die wahre Bedeutung des d — f — a} trotz aller
50 402 1275 451 Temperatur nicht verloren gehen kann, und bin fest über¬
49 460 1283 516 zeugt, dass er stets anders in allen Kunstwerken der Musik
49 523 1292 580 behandelt worden ist, als der a}0-Klang d} — f — a}. Mit
46 587 1284 635 Hülfe einer strengen Systematik wird auch der Sinn für die
54 643 1279 706 wahre Bedeutung dieser Gebilde bewusster hervortreten;
54 706 1285 756 aber die Stimmung oder Temperatur vermag nicht die rich¬
47 764 1292 812 tige Auffassung zu hemmen, wenn nur die Unreinheit der
53 827 1292 874 Töne den Accord nicht wirklich bis zur Unkenntlichkeit
59 882 1293 933 verstümmelt. Eine bei d’Alembert 1) vorkommende Stelle
50 939 1293 998 stimmt, glaube ich, im Wesentlichen mit meiner Auffassung
61 1003 224 1052 überein:
159 1075 1281 1122 „Quelque espèce de tempérament qu'on adopte, les altéra¬
62 1121 1292 1181 tions qu'il causera dans l'harmonie ne seront que peu ou point
59 1179 1285 1235 sensibles à l'oreille, qui uniquement occupée de s'accorder avec
58 1243 1298 1291 la basse fondamentale, tolère sans peine ces altérations, ou
58 1300 1289 1363 plutôt n'y sait aucune attention, parcequ'elle supplie d'elle
56 1363 1281 1411 même à ce qui manque aux intervalles pour êtreejne zus..tes.
64 1418 1282 1468 Ecoutez une voix, qui chante accompagnée de différens instru¬
61 1475 1294 1526 mens; quoique le tempérament de la voix, et celui de chacun
61 1545 1293 1588 des instrumens différent tous entr'eux, cependant vous ne serez
62 1605 1288 1658 nullement affecté de l'espèce de cacophonie, qui devrait en ré¬
61 1667 1296 1709 sulter, parceque l'oreille suppose justes des intervalles dont elle
54 1713 656 1780 n'apprécie point la différence.”
160 1771 1295 1828 Bezieht sich d’Alembert's Gedanke zunächst auch nur
63 1836 1302 1883 auf Consonanzen, so tritt doch keine wesentliche Aenderung
61 1891 1294 1954 ein, sobald es sich um eine bestimmte Klangbedeutung
61 1955 579 2004 dissonanter Töne handelt.
153 2123 654 2180 1) d'Alembert l. c. pag. 59.
