1502 2450
782 131 840 188 2
195 247 1446 300 geahnt. — Man begnügte sich meist mit der Rationalität der
189 298 1005 348 Schwingungszahlen consonanter Gebilde.
285 362 1433 412 Helmholtz hat den Begriff der Klangfarbe zum ersten
195 418 1430 467 Male erschöpfend untersucht, er hat die Einheit der Ohm¬
190 475 1427 532 schen Regel und des Fourierschen Satzes nach allen Seiten
191 538 1425 596 hin experimentell mit Hülfe ganz neuer Methoden dargethan,
187 595 1432 651 und nicht blos objektiv die Eigenschaften des Klanges, sondern
192 659 1426 716 auch die subjektive Thätigkeit des menschlichen Hörorgans,
195 714 1419 764 den Mechanismus des Hörens, auf streng-physikalische Be¬
185 779 609 835 griffe zurückgeführt.
287 833 1434 898 Im Anschluss an die Theorie der Klanganalyse und
195 907 1433 949 an die Funktionen des menschlichen Gehörorgans entwickelt
185 955 1435 1002 Helmholtz eine Theorie der Dissonanz. Dieser Theil der
193 1011 1433 1067 Untersuchung hat besonders für die Instrumentationslehre
184 1074 1432 1122 hohen Werth, und scheint das Fundament der Aesthetik
192 1130 1424 1183 zu bilden bestimmt. Aber auch die Harmonielehre ist we¬
189 1195 1424 1243 sentlich gefördert. In dem Prinzip der Verwandtschaft
191 1251 1424 1299 der Klänge, und in der Anschauung, die Accorde als Ver¬
195 1314 1417 1364 treter von Klängen anzusehen, d. h. im Prinzip der Klang¬
186 1371 1424 1419 vertretung, — da liegt die geeignete Grundlage für eine
185 1427 1416 1483 rationelle Theorie der Musik. Einmal sind uns diese Prin¬
182 1490 1424 1539 zipien durch physikalisch-physiologische Thatsachen begrün¬
188 1547 1423 1604 det, dann aber ist uns der Zusammenhang musikalischer
186 1611 1423 1668 Gebilde eröffnet, so dass der ganze Weg sichtbar wird, auf
193 1666 1421 1730 welchem, von den Schwingungsverhältnissen der Töne aus,
185 1732 1419 1779 man vorzugehen habe bis zum Verständniss des Kunstwerkes.
193 1787 1425 1840 Wenn auch die tiefer liegenden psychologischen Probleme
191 1859 1427 1900 noch nicht unmittelbar zu erreichen, so dürfte hier dennoch
190 1907 1426 1963 das Fundament gegeben sein, auf welchem das Gebäude der
185 1972 1414 2019 Aesthetik sich wird aufbauen lassen. Einstweilen aber ste¬
186 2028 1428 2090 hen wir noch auf naturwissenschaftlicher Basis; und so lange
187 2084 1422 2138 es hier noch zu sichten giebt, können wir nicht sicher in
179 2138 734 2204 jenes Gebiet hineingreifen.
