1502 2450
627 122 732 182 99
37 227 1297 291 kannt, ich erlaube mir hier einen Gesang mitzutheilen, den
49 283 1070 340 ich einem arbeitenden Russen ablauschen konnte.
149 788 1286 842 Im zweiten Takte fehlte bei einigen Versen das e}.
42 850 1291 900 Der Lichanos g war stets sicher und vollkommen rein into¬
51 914 1298 964 nirt und ich glaube nicht, dass der nationale Russe ihn bald
51 963 357 1027 aufgeben wird.
154 1028 1291 1075 Auch der Finnen und Esthen schönste Lieder gehören
47 1083 1283 1139 ins phonische System. Leider erhält man in den Sammlungen
49 1146 1294 1194 nur verbildete Gesänge, die namentlich wiederum durch den
51 1203 851 1253 aufsteigenden Leitton modernisirt sind.
147 1266 1285 1316 In einer 1855 herausgegebenen Auswahl finnischer
51 1323 1281 1371 Gesänge 1) sind, — davon bin ich fest überzeugt, — sämmt¬
54 1371 1290 1435 liche Melodieen verändert. Ein schönes Wiegenlied will
49 1442 1287 1491 ich hier aufnehmen, bemerke aber im Voraus, dass meiner
54 1502 1290 1571 Meinung nach das phon. d-System vorliegt, und statt fis},
52 1572 1287 1643 es gewiss f{ heissen muss welch letzteres dem Klange a0
53 1635 1288 1690 der Ober-Regnante entspricht. Der Ton fis} gäbe d+, und
52 1698 1283 1748 ist für unsere Ohren verständlicher, aber nimmermehr volks¬
58 1754 255 1812 tümlich:
150 2163 1296 2211 1) Valitnita Suomalaisia Kansan-Lauluja. 4 Wihko ko'onnut Joh. Filip v.
50 2214 771 2260 Schands ja Rudolf Lagi Helsingfors. 1855.
