1502 2450
781 110 941 173 190
311 218 1450 265 Aehnlich sieht man, dass (Tab. A sub 2 und 3) die
204 279 1441 332 Oberdominantseite von c-dur über den phon. Gegensatz
200 347 1444 397 c — es{ — g nach b-dur, während die Unterdominantseite
200 411 1212 461 unmittelbar über f} — a} — c nach b-dur führt.
302 473 1446 523 In einem Kunstwerk dürfte eine Modulation ähnlich
204 538 1441 588 dem obigen Beispiel wohl kaum angewandt werden, weil
207 595 1446 645 der Fortgang der Klänge stets nach einer Seite gerichtet
209 652 1435 707 ist. Wie man leicht aus den daruntergesetzten Generations¬
199 715 1445 765 zahlen sieht, gelangen wir hier durch 4 Quint- und zwei
200 771 1333 900 Terzschritte von fis} = 1 nach ges{ = $$MATH.
307 907 1438 956 Es wäre ein grosser Fehler zu behaupten, dass c-dur
203 974 1440 1020 mit h- oder des-dur verwandt sei, anders als durch viele
207 1026 1434 1082 Quintschritte in einer und derselben Richtung. Wenn
206 1083 1436 1148 plötzliche Modulationen nach diesen Tonarten vorkommen,
196 1152 1433 1204 so werden es stets, die sehr nahverwandten Tonarten des{
202 1203 529 1261 und h}-dur sein.
294 1272 1442 1324 Da erst seit kurzer Zeit die Harmonielehre sich auf
195 1329 1436 1392 reiner Stimmung zu erbauen beginnt, so ist, meines Wissens,
199 1394 1440 1446 bisher niemals systematisch die direkte Verwandtschaft, wie
200 1451 1443 1505 wir sie hier haben kennen lernen, entwickelt worden, es
201 1520 1445 1564 wird der Unterschied der Modulationen in Quint- und
193 1570 1129 1628 der in Terzschritten garnicht hervorgehoben.
304 1643 1447 1700 Ich will die Worte von Winterfelds hersetzen, der
199 1700 1434 1757 bei Beurtheilung der alten Kirchentonarten auf den grösseren
200 1761 1437 1812 Reichthum an kunstmässiger Entfaltung des musikalischen
201 1819 635 1877 Ausdruckes hinweist.
304 1899 1436 1954 „Vielfach sind die Vorwürfe, die wir täglich noch
192 1953 1431 2012 dem Systeme der alten Tonmeister machen hören, durch
198 2009 1426 2060 die der unbefangene Sinn getrübt und gebunden gehalten
200 2075 1434 2125 wird. Wie Einige es durchhin dem Bequemen nach dem
197 2137 1436 2187 unbehülflichen, ungelenken Bildungsstoffe zuschreiben, den
191 2186 1426 2252 jene alten Meister vorgefunden, bezüchtigen Andere wie¬
