1502 2450
616 127 791 182 247
151 227 1297 282 In 1) und 3) d. h. in tonischen Systemen wird die
47 283 1288 340 erstere Deutung 1) die gewöhnlichere sein, weil das Ana¬
51 347 1301 399 logon der instrumentalen Molltonleiter, das halbtonische
50 403 1297 459 System uns weniger geläufig. Anders in den phonischen
50 476 1294 539 Systemen, wo wir an die Veränderung von g in gis}} sehr
53 545 1297 595 gewöhnt sind. Daher die letztere Deutung 4) geläufiger, als
46 594 1291 653 die in 2. Unzweifelhaft im halbtonischen Dur-System wird
51 651 1257 707 die Dissonanz g — as} folgendermaassen gedeutet werden:
152 1068 1299 1119 Die vorstehende Folge ist eine sehr häufige. (Der
49 1122 1292 1179 letzte Accord kann, wenn nicht, wie hier nach f+ modu¬
54 1187 1294 1236 lirt wird, c — f — as{ heissen). — Im ersten Accord kann
55 1259 1302 1307 der Ton f noch hinzukommen, ohne dass, bei gesteigerter
53 1314 1303 1362 Dissonanzwirkung, die Deutung sich ändere. Wie man
59 1381 1306 1436 sieht, wechseln die consonanten Auflösungen c0
55 1434 562 1484 und c+ mit einander.
160 1508 1298 1572 Das Befriedigende der vorliegenden Erklärungsart liegt,
59 1571 1290 1619 wie ich meine, in der positiven Bestimmung der dissoniren¬
67 1626 1295 1676 den Töne und in der klaren Deutung, die, trotz der gros¬
59 1697 1293 1740 sen Zahl von Schwebungen und Tönen, das stark dissoni¬
57 1747 1304 1795 rende Halbtonintervall gewinnt. Die Einfachheit der Klang¬
67 1811 1292 1857 folge, verbunden mit der energischen physiologischen Wir¬
66 1867 1305 1916 kung bildet den Grund für die Schönheit und mächtige
64 1924 1297 1979 Wirkung solcher Klangfolgen, und es ist nicht blos die
61 1986 1293 2035 Auflösung, sondern auch die Dissonanz von ästhetischer Be¬
59 2043 814 2100 deutung und wohlthuender Wirkung.
166 2119 1309 2180 Das im halbphonischen System vorhandene Gegenbild
58 2178 728 2243 der vorstehenden Folgen wäre:
