1502 2450
646 121 805 174 131
67 226 1304 284 erkannte. So verfährt auch Hauptmann 1), wenn er erst¬
69 291 1321 340 lich den Ton gis}} für die Festsetzung von a}-moll und ebenso
67 346 1050 410 dis}} zu der von e-moll für nothwendig erachtet.
176 412 1321 467 In Bezug auf die Verwandtschaft der tonisch-tonischen
78 475 1316 531 Geschlechter stimme ich ganz der klaren Auffassung Haupt¬
68 543 1316 589 manns 2) bei. Er sieht die Unterdominanttonart als näher
72 604 1313 658 verwandt an, als die der Oberdominante. „Die Modulation
82 654 1312 708 wendet sich leicht nach der Unterdominant,” und zwar dess¬
76 715 1322 772 halb weil der tonische Dreiklang c zugleich Dominante von
71 782 1317 843 f ist, während der Dominantklang von g in c-dur nicht ge¬
76 835 295 900 geben ist.
178 892 1326 947 Der Ton c behält in f-dur eine wichtigere Rolle als in
82 962 1320 1019 g-dur, wo er Unterdominante wird, desshalb eher entbehr¬
74 1019 561 1076 lich zur Cadenzbildung.
187 1067 1329 1132 Sofern nun die Oberdominantseite als Hauptseite, also
82 1136 1332 1188 von ton. g nach ton. c eine „Rückkehr” zur Tonica erkannt
89 1197 1323 1253 wird, kann man auch weiter mit Hauptmann behaupten
79 1245 1324 1309 die Modulation nach f-dur ist eine Rückkehr in der durch
86 1308 1322 1373 Quintverwandtschaft verketteten Reihe von Tonarten, während
89 1373 1321 1427 die Modulation nach der Oberdominante ein Vorwärtsschrei¬
89 1429 1325 1493 ten insofern bekundet, als ein grösserer Kraftaufwand noth
81 1482 1320 1545 thut, um dieselbe zu bestimmen. Bei g-dur ist zur voll¬
92 1562 1327 1611 ständigen Cadenz der Oberdominant-, bei f-dur blos der Un¬
91 1610 1328 1667 terdominantklang neu zu bilden. In beiden Fällen aber wird,
88 1674 1328 1723 wie mir im Gegensatz zu Hauptmann scheint, Primäres in
88 1723 1332 1788 Secundäres und zugleich umgekehrt Secundäres in Primäres
92 1797 1330 1844 verwandelt, denn bei beiden tritt der c-Klang aus der Haupt¬
94 1843 1338 1907 bedeutung einer Tonica in die einer Dominante, während f
91 1909 1342 1966 und g, welche Dominanten waren zur Bedeutung einer Tonica
192 2024 1332 2082 1) Hauptmann l. c. pag. 174 und ff. — Helmholtz, s. pag. 503 spricht
98 2072 1332 2124 sehr kurz über die Modulation, und berührt die sachlichen Schwierigkeiten nur
98 2123 332 2172 vorübergehend.
197 2162 1332 2218 2) Hauptmann l. c. pag. 186 ff und 206 ff. Vergleiche auch die ein¬
102 2218 806 2275 gehende Begründung bei Marx l. c. pag. 233.
