1502 2450
616 99 766 167 119
64 211 1293 266 dass hier nicht einmal eine Verwandtschaft zweiten Grades
57 275 1278 319 vorhanden sei. Da die Generation des gemischten Tonge¬
59 330 1288 384 schlechts später untersucht werden soll, so übergehe ich die
55 393 1283 444 Bemerkungen, die nachher sich der Leser ohne Mühe mit
59 451 1251 502 Hülfe selbstangestellter Experimente wird machen können.
149 514 1287 564 Naumann 1) endlich hält es gar für ausgemacht, dass
53 571 1282 619 die Intonation dem reinen Quintensystem (pythagor. Stim¬
59 635 1294 691 mung) entspricht, womit übrigens seine eigene Bemerkung
60 691 1295 739 in grellem Widerspruch steht, die nämlich, dass die Lage
53 753 1282 810 der Töne eine möglichst nahe sein solle, d. h. „eine so nahe,
53 803 1293 860 als es mit unmittelbarer (!) harmonischer Verständlichkeit
55 867 1294 924 der Fortschreitung noch verträglich ist, denn c und his lie¬
54 932 1284 987 gen noch näher, es würde aber diese Folgen zweier discor¬
61 987 1297 1043 danter Töne eine ganz unverständliche sein”. Weiter sagt
58 1060 1291 1123 Naumann müsse doch des{ tiefer als cis}} sein, da des{ hinab,
56 1115 1301 1180 cis}} hinauf führe. Ich gestehe, mir sagt diese Logik nicht
59 1187 1289 1238 zu. Man weise dann strikt die „unmittelbare” Harmonie¬
58 1250 1288 1292 verbindung nach, sonst giebt es nur Willkühr in der Fest¬
56 1307 1296 1357 setzung der Tonhöhe. Naumann discutirt ein Beispiel, das
58 1363 1301 1419 vortrefflich gewählt ist, und das ich deshalb hersetze. In
60 1426 860 1491 Mozart's Quartett (G-moll) heisst es:
61 1583 1307 1623 seiner Auffassung der Septime widersprechen. Ich glaube nicht, dass eine sichere
55 1643 1301 1692 Intonation des Tones $$MATH möglich ist. Eben so wenig ist, wie ich sicher glaube,
61 1700 1145 1740 die pythagoräische Terz intonirbar, denn e ist der 81ste Oberton von c.
158 1748 714 1803 2) Naumann l. c. pag. 47 und ff.
