<?xml version="1.0" encoding="UTF-8" standalone="yes"?>
<PcGts xmlns="http://schema.primaresearch.org/PAGE/gts/pagecontent/2013-07-15" xmlns:xsi="http://www.w3.org/2001/XMLSchema-instance" xsi:schemaLocation="http://schema.primaresearch.org/PAGE/gts/pagecontent/2013-07-15 http://schema.primaresearch.org/PAGE/gts/pagecontent/2013-07-15/pagecontent.xsd">
    <Metadata>
        <Creator>prov=University of Rostock/Institute of Mathematics/CITlab|PLANET AI GmbH/Gundram Leifert/gundram.leifert@planet-ai.de:name=ONB_Newseye_GT_M1+(htr_id=10810)::::v=2.6.7
prov=University of Rostock/Institute of Mathematics/CITlab|PLANET AI GmbH/Tobias Gruening/tobias.gruening@planet-ai.de:name=de.uros.citlab.module.baseline2polygon.B2PSeamMultiOriented:v=2.6.7
prov=University of Rostock/Institute of Mathematics/CITlab|PLANET AI GmbH/Tobias Gruening/tobias.gruening@planet-ai.de:name=/net_tf/LA73_249_0mod360.pb:de.uros.citlab.segmentation.CITlab_LA_ML:v=2.6.7
Transkribus</Creator>
        <Created>2021-03-18T14:22:18.074+01:00</Created>
        <LastChange>2021-09-10T23:09:15.306+02:00</LastChange>
        <TranskribusMetadata docId="738836" pageId="28121897" pageNr="298" tsid="64604574" status="DONE" userId="74363" imgUrl="https://files.transkribus.eu/Get?id=UXWVUIZRCJLFWMYTDRIKLMLH&amp;fileType=view" xmlUrl="https://files.transkribus.eu/Get?id=ESUNNBCBVGJDNGEVZMJVNRHK" imageId="21905267"/>
    </Metadata>
    <Page imageFilename="Oettingen_Harmoniesystem_in_dualer_Entwickelung-0307.jpg" imageWidth="1502" imageHeight="2450" type="content">
        <ReadingOrder>
            <OrderedGroup id="ro_1631311018333" caption="Regions reading order">
                <RegionRefIndexed index="0" regionRef="TextRegion_1621435913941_4592"/>
                <RegionRefIndexed index="1" regionRef="TextRegion_1621435913941_4591"/>
                <RegionRefIndexed index="2" regionRef="TextRegion_1621435912066_4587"/>
                <RegionRefIndexed index="3" regionRef="TextRegion_1621435909078_4583"/>
            </OrderedGroup>
        </ReadingOrder>
        <TextRegion orientation="0.0" type="page-number" id="TextRegion_1621435913941_4592" custom="readingOrder {index:0;} structure {type:page-number;}">
            <Coords points="191,119 1437,119 1437,186 191,186"/>
            <TextLine id="r1l1" custom="readingOrder {index:0;}">
                <Coords points="662,164 733,164 753,149 775,171 857,172 878,150 903,164 929,162 930,132 885,135 866,116 797,114 786,125 662,133"/>
                <Baseline points="670,150 695,152 720,154 745,156 770,156 796,157 821,157 846,156 871,156 896,154 922,152"/>
                <TextEquiv>
                    <Unicode>288</Unicode>
                </TextEquiv>
            </TextLine>
            <TextEquiv>
                <Unicode>288</Unicode>
            </TextEquiv>
        </TextRegion>
        <TextRegion orientation="0.0" type="heading" id="TextRegion_1621435913941_4591" custom="readingOrder {index:1;} structure {type:heading;}">
            <Coords points="191,186 1437,186 1437,302 191,302"/>
            <TextLine id="r1l2" custom="readingOrder {index:0;} textStyle {offset:0; length:48;fontSize:0.0; kerning:0; bold:true;} concept_mus {offset:25; length:14;} concept_mus {offset:40; length:7;}">
                <Coords points="251,276 1391,268 1359,219 636,245 360,219 327,251 251,219"/>
                <Baseline points="259,264 315,263 371,263 427,263 483,263 540,263 596,263 652,263 708,263 764,263 821,263 877,263 933,263 989,264 1045,264 1102,264 1158,265 1214,265 1270,266 1326,266 1383,267"/>
                <TextEquiv>
                    <Unicode>II. Bemerkungen über den enharmonischen Wechsel.</Unicode>
                </TextEquiv>
            </TextLine>
            <TextEquiv>
                <Unicode>II. Bemerkungen über den enharmonischen Wechsel.</Unicode>
            </TextEquiv>
        </TextRegion>
        <TextRegion orientation="0.0" type="paragraph" id="TextRegion_1621435912066_4587" custom="readingOrder {index:2;} structure {type:paragraph;}">
            <Coords points="191,302 1437,302 1437,1814 191,1814"/>
            <TextLine id="r1l3" custom="readingOrder {index:0;} concept_mus {offset:27; length:9;} concept_phy {offset:27; length:9;} textStyle {offset:47; length:7;fontSize:0.0; kerning:0; letterSpaced:true;} concept_mus {offset:47; length:7; continued:true;}">
                <Coords points="300,374 1427,366 1404,323 300,323"/>
                <Baseline points="308,362 363,362 419,362 474,363 530,363 586,363 641,363 697,364 752,364 808,364 864,365 919,365 975,365 1030,365 1086,365 1142,366 1197,366 1253,366 1308,366 1364,366 1420,366"/>
                <TextEquiv>
                    <Unicode>So einfach der Begriff der Dissonanz als eines Doppel¬</Unicode>
                </TextEquiv>
            </TextLine>
            <TextLine id="r1l4" custom="readingOrder {index:1;} textStyle {offset:0; length:36;fontSize:0.0; kerning:0; letterSpaced:true;} concept_mus {offset:0; length:7; continued:true;} concept_mus {offset:21; length:15;}">
                <Coords points="192,435 1432,442 1392,387 192,389"/>
                <Baseline points="200,424 261,424 322,424 383,424 445,424 506,424 567,424 628,424 690,424 751,424 812,425 873,425 935,425 996,425 1057,426 1118,426 1180,426 1241,426 1302,427 1363,427 1425,427"/>
                <TextEquiv>
                    <Unicode>klanges im Sinne der Klangvertretung sich gestaltete,</Unicode>
                </TextEquiv>
            </TextLine>
            <TextLine id="r1l5" custom="readingOrder {index:2;}">
                <Coords points="192,492 1435,489 1387,443 192,455"/>
                <Baseline points="200,482 261,482 322,482 384,482 445,482 507,482 568,482 629,482 691,483 752,483 814,483 875,483 936,484 998,484 1059,484 1121,484 1182,485 1243,485 1305,484 1366,484 1428,484"/>
                <TextEquiv>
                    <Unicode>so complicirt und schwierig kann die Deutung der in der</Unicode>
                </TextEquiv>
            </TextLine>
            <TextLine id="r1l6" custom="readingOrder {index:3;} concept_mus {offset:0; length:13;} concept_mus {offset:29; length:14;}">
                <Coords points="193,555 1104,563 1342,529 1424,556 1444,514 193,515"/>
                <Baseline points="201,543 262,543 324,543 386,543 448,543 510,543 571,544 633,544 695,544 757,544 819,544 880,545 942,545 1004,545 1066,545 1128,545 1189,544 1251,544 1313,543 1375,542 1437,541"/>
                <TextEquiv>
                    <Unicode>neueren Musik gebräuchlichen Harmoniefolgen werden. Wir</Unicode>
                </TextEquiv>
            </TextLine>
            <TextLine id="r1l7" custom="readingOrder {index:4;}">
                <Coords points="193,612 1438,610 1424,570 1293,555 1075,594 193,563"/>
                <Baseline points="201,603 262,603 324,603 385,603 447,603 508,603 570,604 631,604 693,604 754,604 816,604 877,604 939,604 1000,604 1062,604 1123,604 1185,604 1246,603 1308,603 1369,602 1431,601"/>
                <TextEquiv>
                    <Unicode>haben nur einzelne Beispiele herangezogen, die zunächst dem</Unicode>
                </TextEquiv>
            </TextLine>
            <TextLine id="r1l8" custom="readingOrder {index:5;}">
                <Coords points="195,676 1442,666 1442,635 1222,627 195,622"/>
                <Baseline points="203,663 264,662 326,662 387,662 449,662 510,662 572,662 633,662 695,663 756,663 818,663 880,663 941,663 1003,663 1064,664 1126,664 1187,664 1249,664 1310,663 1372,663 1434,663"/>
                <TextEquiv>
                    <Unicode>Gehör statthaft und verständlich erschienen. Ich muss es</Unicode>
                </TextEquiv>
            </TextLine>
            <TextLine id="r1l9" custom="readingOrder {index:6;} concept_mus {offset:7; length:12;} concept_mus {offset:43; length:11; continued:true;}">
                <Coords points="191,731 1224,740 1436,731 1436,694 191,699"/>
                <Baseline points="199,722 260,722 322,722 383,722 445,722 506,722 568,722 629,722 691,722 752,722 814,723 875,723 937,723 998,723 1060,723 1121,723 1183,723 1244,723 1306,722 1367,722 1429,721"/>
                <TextEquiv>
                    <Unicode>andern Theoretikern, und namentlich in der praktischen</Unicode>
                </TextEquiv>
            </TextLine>
            <TextLine id="r1l10" custom="readingOrder {index:7;} concept_mus {offset:0; length:5; continued:true;}">
                <Coords points="193,795 1433,795 1384,740 558,770 193,739"/>
                <Baseline points="201,782 262,782 323,782 384,782 445,782 507,782 568,781 629,781 690,781 751,781 813,781 874,781 935,781 996,782 1057,782 1119,782 1180,782 1241,782 1302,782 1363,782 1425,783"/>
                <TextEquiv>
                    <Unicode>Musik vertrauten, überlassen, — wofern sie einen gesunden</Unicode>
                </TextEquiv>
            </TextLine>
            <TextLine id="r1l11" custom="readingOrder {index:8;}">
                <Coords points="190,849 1414,852 1431,812 190,819"/>
                <Baseline points="197,842 258,842 319,842 381,842 442,841 503,841 565,841 626,841 687,841 749,841 810,841 871,841 933,841 994,841 1055,841 1117,841 1178,841 1239,841 1301,840 1362,840 1424,840"/>
                <TextEquiv>
                    <Unicode>Anhaftspunkt in unseren Grundsätzen sehen, — in diesem</Unicode>
                </TextEquiv>
            </TextLine>
            <TextLine id="r1l12" custom="readingOrder {index:9;} concept_mus {offset:26; length:11;} concept_mus {offset:42; length:15; continued:true;}">
                <Coords points="196,915 1424,908 1389,860 674,860 642,892 196,860"/>
                <Baseline points="204,900 264,900 325,900 385,900 446,900 507,900 567,900 628,901 688,901 749,901 810,901 870,901 931,901 991,901 1052,901 1113,901 1173,901 1234,900 1294,900 1355,899 1416,898"/>
                <TextEquiv>
                    <Unicode>Sinne fortzuarbeiten. Die Klangfolgen und Dissonanzauflö¬</Unicode>
                </TextEquiv>
            </TextLine>
            <TextLine id="r1l13" custom="readingOrder {index:10;} concept_mus {offset:0; length:6; continued:true;} concept_mus {offset:21; length:14;} concept_mus {offset:36; length:6;} concept_mus {offset:47; length:10;}">
                <Coords points="190,971 1428,971 1428,931 1384,923 190,931"/>
                <Baseline points="197,960 258,960 319,959 380,959 441,959 502,959 563,959 625,959 686,959 747,960 808,960 869,960 930,960 991,960 1053,961 1114,961 1175,961 1236,961 1297,961 1358,961 1420,961"/>
                <TextEquiv>
                    <Unicode>sungen innerhalb der siebenstufigen reinen und gemischten</Unicode>
                </TextEquiv>
            </TextLine>
            <TextLine id="r1l14" custom="readingOrder {index:11;} concept_mus {offset:0; length:12;}">
                <Coords points="191,1027 1426,1028 1426,989 1369,978 191,988"/>
                <Baseline points="199,1020 260,1020 321,1020 382,1020 443,1020 504,1020 565,1020 626,1020 687,1020 748,1020 809,1020 870,1020 931,1020 992,1020 1053,1020 1114,1020 1175,1020 1236,1021 1297,1021 1358,1021 1419,1022"/>
                <TextEquiv>
                    <Unicode>Geschlechter, sie ergaben sich in überraschend einfacher</Unicode>
                </TextEquiv>
            </TextLine>
            <TextLine id="r1l15" custom="readingOrder {index:12;} concept_mus {offset:25; length:13;} concept_mus {offset:44; length:12;}">
                <Coords points="194,1092 1430,1091 1430,1051 1183,1035 195,1047"/>
                <Baseline points="203,1080 267,1080 331,1079 395,1079 459,1079 523,1078 587,1079 652,1079 716,1079 780,1079 844,1080 908,1080 972,1080 1037,1081 1101,1081 1165,1081 1229,1081 1293,1081 1357,1080 1422,1080"/>
                <TextEquiv>
                    <Unicode>Art. Erst wo entschieden Ausweichungen oder Modulationen</Unicode>
                </TextEquiv>
            </TextLine>
            <TextLine id="r1l16" custom="readingOrder {index:13;} concept_mus {offset:3; length:11;} m_tonality {offset:15; length:8;}">
                <Coords points="190,1146 1419,1163 1401,1099 190,1098"/>
                <Baseline points="198,1137 258,1137 319,1137 380,1137 440,1137 501,1138 562,1138 622,1138 683,1138 744,1138 805,1138 865,1139 926,1139 987,1139 1047,1139 1108,1139 1169,1140 1229,1140 1290,1140 1351,1140 1412,1141"/>
                <TextEquiv>
                    <Unicode>in entferntere Tonarten eintraten, begann eine Schwierigkeit,</Unicode>
                </TextEquiv>
            </TextLine>
            <TextLine id="r1l17" custom="readingOrder {index:14;} textStyle {offset:15; length:35;fontSize:0.0; kerning:0; letterSpaced:true;} concept_mus {offset:27; length:14;}">
                <Coords points="188,1209 1430,1211 1396,1155 189,1165"/>
                <Baseline points="197,1197 258,1197 319,1198 380,1198 442,1198 503,1198 564,1198 625,1199 687,1199 748,1199 809,1199 870,1199 932,1199 993,1199 1054,1199 1115,1199 1177,1199 1238,1199 1299,1199 1360,1199 1422,1199"/>
                <TextEquiv>
                    <Unicode>die wir in der Theorie des enharmonischen Wechsels</Unicode>
                </TextEquiv>
            </TextLine>
            <TextLine id="r1l18" custom="readingOrder {index:15;}">
                <Coords points="189,1267 1326,1277 1428,1266 1428,1227 189,1228"/>
                <Baseline points="197,1258 258,1258 319,1258 380,1257 441,1257 502,1257 563,1257 625,1257 686,1257 747,1257 808,1258 869,1258 930,1258 991,1258 1053,1258 1114,1258 1175,1258 1236,1258 1297,1258 1358,1258 1420,1258"/>
                <TextEquiv>
                    <Unicode>zu lösen haben. Ein Hauptgesichtspunkt galt für uns; der</Unicode>
                </TextEquiv>
            </TextLine>
            <TextLine id="r1l19" custom="readingOrder {index:16;} m_note {offset:27; length:4;} concept_mus {offset:52; length:8;}">
                <Coords points="194,1331 1413,1332 1428,1290 194,1291"/>
                <Baseline points="202,1317 262,1317 323,1317 384,1317 445,1318 506,1318 567,1318 628,1318 689,1318 750,1318 811,1318 871,1318 932,1318 993,1318 1054,1318 1115,1318 1176,1318 1237,1318 1298,1318 1359,1317 1420,1317"/>
                <TextEquiv>
                    <Unicode>nämlich, dass niemals alle Töne einer vollständigen Harmonie</Unicode>
                </TextEquiv>
            </TextLine>
            <TextLine id="r1l20" custom="readingOrder {index:17;} concept_mus {offset:14; length:12;} textStyle {offset:45; length:5;fontSize:0.0; kerning:0; letterSpaced:true;}">
                <Coords points="191,1387 1429,1387 1429,1346 191,1347"/>
                <Baseline points="199,1377 260,1377 321,1377 382,1377 443,1377 504,1377 565,1377 626,1377 687,1377 748,1377 810,1377 871,1377 932,1378 993,1378 1054,1378 1115,1377 1176,1377 1237,1377 1298,1377 1359,1376 1421,1375"/>
                <TextEquiv>
                    <Unicode>zugleich sich enharmonisch ändern können. An einem</Unicode>
                </TextEquiv>
            </TextLine>
            <TextLine id="r1l21" custom="readingOrder {index:18;} m_note {offset:0; length:4;} concept_mus {offset:40; length:8;}">
                <Coords points="198,1452 1435,1432 1382,1395 897,1426 854,1395 690,1426 198,1395"/>
                <Baseline points="206,1435 267,1435 328,1435 389,1435 450,1435 511,1435 572,1435 633,1436 694,1436 755,1436 816,1436 877,1436 938,1436 999,1436 1060,1436 1121,1436 1182,1436 1243,1435 1304,1435 1365,1434 1427,1434"/>
                <TextEquiv>
                    <Unicode>Tone wenigstens muss sich die geänderte Stimmung der</Unicode>
                </TextEquiv>
            </TextLine>
            <TextLine id="r1l22" custom="readingOrder {index:19;}">
                <Coords points="193,1507 1425,1508 1425,1468 1367,1458 193,1459"/>
                <Baseline points="201,1494 261,1494 322,1494 383,1494 444,1495 505,1495 565,1495 626,1496 687,1496 748,1496 809,1497 869,1497 930,1497 991,1497 1052,1497 1113,1497 1173,1497 1234,1497 1295,1496 1356,1496 1417,1495"/>
                <TextEquiv>
                    <Unicode>übrigen bestimmen lassen. Wenn man aber bedenkt, dass</Unicode>
                </TextEquiv>
            </TextLine>
            <TextLine id="r1l23" custom="readingOrder {index:20;} concept_mus {offset:4; length:12;} textStyle {offset:43; length:4;fontSize:0.0; kerning:0; letterSpaced:true;} m_note {offset:48; length:3;}">
                <Coords points="185,1560 1423,1555 1354,1514 185,1526"/>
                <Baseline points="193,1554 254,1554 315,1554 376,1554 437,1554 498,1554 559,1554 621,1555 682,1555 743,1555 804,1556 865,1556 926,1556 987,1556 1049,1556 1110,1556 1171,1556 1232,1556 1293,1555 1354,1555 1416,1554"/>
                <TextEquiv>
                    <Unicode>die Klanganalyse, selbst dann, wenn dieser eine Ton fort¬</Unicode>
                </TextEquiv>
            </TextLine>
            <TextLine id="r1l24" custom="readingOrder {index:21;} textStyle {offset:15; length:20;fontSize:0.0; kerning:0; letterSpaced:true;}">
                <Coords points="190,1636 1428,1619 1428,1587 1246,1571 190,1587"/>
                <Baseline points="197,1615 258,1615 319,1615 380,1615 441,1615 503,1615 564,1615 625,1615 686,1615 747,1615 809,1615 870,1616 931,1616 992,1616 1053,1616 1115,1616 1176,1616 1237,1616 1298,1616 1359,1616 1421,1616"/>
                <TextEquiv>
                    <Unicode>gelassen wird, unverändert dieselbe bleiben kann, so</Unicode>
                </TextEquiv>
            </TextLine>
            <TextLine id="r1l25" custom="readingOrder {index:22;}">
                <Coords points="194,1678 1426,1692 1426,1654 1367,1635 194,1644"/>
                <Baseline points="201,1673 261,1673 322,1674 383,1674 444,1674 505,1674 566,1674 627,1674 688,1674 749,1675 810,1675 870,1675 931,1675 992,1675 1053,1675 1114,1675 1175,1675 1236,1675 1297,1675 1358,1675 1419,1675"/>
                <TextEquiv>
                    <Unicode>wird man zugestehen, dass wir von einer durchläuterten,</Unicode>
                </TextEquiv>
            </TextLine>
            <TextLine id="r1l26" custom="readingOrder {index:23;} concept_mus {offset:22; length:7;} concept_mus {offset:34; length:10;}">
                <Coords points="190,1747 1435,1733 1390,1691 190,1692"/>
                <Baseline points="197,1734 258,1734 320,1734 381,1734 443,1734 504,1734 566,1734 627,1734 689,1735 750,1735 812,1735 873,1735 935,1735 996,1735 1058,1735 1119,1735 1181,1735 1242,1735 1304,1735 1365,1735 1427,1734"/>
                <TextEquiv>
                    <Unicode>klaren und bestimmten Theorie der Enharmonik noch sehr</Unicode>
                </TextEquiv>
            </TextLine>
            <TextLine id="r1l27" custom="readingOrder {index:24;}">
                <Coords points="190,1803 574,1802 574,1762 560,1755 495,1755 472,1771 455,1755 402,1765 384,1748 299,1768 279,1755 191,1763"/>
                <Baseline points="198,1790 224,1792 250,1792 277,1793 303,1793 329,1792 356,1792 382,1792 408,1792 435,1791 461,1791 487,1791 514,1792 540,1793 567,1794"/>
                <TextEquiv>
                    <Unicode>weit entfernt sind.</Unicode>
                </TextEquiv>
            </TextLine>
            <TextEquiv>
                <Unicode>So einfach der Begriff der Dissonanz als eines Doppel¬&#13;
klanges im Sinne der Klangvertretung sich gestaltete,&#13;
so complicirt und schwierig kann die Deutung der in der&#13;
neueren Musik gebräuchlichen Harmoniefolgen werden. Wir&#13;
haben nur einzelne Beispiele herangezogen, die zunächst dem&#13;
Gehör statthaft und verständlich erschienen. Ich muss es&#13;
andern Theoretikern, und namentlich in der praktischen&#13;
Musik vertrauten, überlassen, — wofern sie einen gesunden&#13;
Anhaftspunkt in unseren Grundsätzen sehen, — in diesem&#13;
Sinne fortzuarbeiten. Die Klangfolgen und Dissonanzauflö¬&#13;
sungen innerhalb der siebenstufigen reinen und gemischten&#13;
Geschlechter, sie ergaben sich in überraschend einfacher&#13;
Art. Erst wo entschieden Ausweichungen oder Modulationen&#13;
in entferntere Tonarten eintraten, begann eine Schwierigkeit,&#13;
die wir in der Theorie des enharmonischen Wechsels&#13;
zu lösen haben. Ein Hauptgesichtspunkt galt für uns; der&#13;
nämlich, dass niemals alle Töne einer vollständigen Harmonie&#13;
zugleich sich enharmonisch ändern können. An einem&#13;
Tone wenigstens muss sich die geänderte Stimmung der&#13;
übrigen bestimmen lassen. Wenn man aber bedenkt, dass&#13;
die Klanganalyse, selbst dann, wenn dieser eine Ton fort¬&#13;
gelassen wird, unverändert dieselbe bleiben kann, so&#13;
wird man zugestehen, dass wir von einer durchläuterten,&#13;
klaren und bestimmten Theorie der Enharmonik noch sehr&#13;
weit entfernt sind.</Unicode>
            </TextEquiv>
        </TextRegion>
        <TextRegion orientation="0.0" id="TextRegion_1621435909078_4583" custom="readingOrder {index:3;} structure {type:paragraph-continued;}">
            <Coords points="191,1814 1437,1814 1437,2254 191,2254"/>
            <TextLine id="r1l28" custom="readingOrder {index:0;} concept_mus {offset:44; length:13;}">
                <Coords points="295,1868 1351,1876 1434,1865 1434,1834 294,1818"/>
                <Baseline points="303,1858 359,1859 415,1860 471,1861 527,1861 583,1862 639,1862 696,1863 752,1863 808,1863 864,1863 920,1862 976,1862 1032,1862 1089,1861 1145,1861 1201,1860 1257,1860 1313,1859 1369,1858 1426,1858"/>
                <TextEquiv>
                    <Unicode>Vielleicht liesse sich die Beschränkung für enharmonische</Unicode>
                </TextEquiv>
            </TextLine>
            <TextLine id="r1l29" custom="readingOrder {index:1;} concept_mus {offset:0; length:13;}">
                <Coords points="195,1927 1438,1924 1438,1887 195,1882"/>
                <Baseline points="203,1919 264,1919 325,1920 387,1920 448,1920 509,1920 571,1921 632,1921 693,1921 755,1921 816,1921 877,1921 939,1921 1000,1921 1061,1921 1123,1921 1184,1921 1245,1921 1307,1920 1368,1920 1430,1919"/>
                <TextEquiv>
                    <Unicode>Verwandlungen, — denn eine Schranke suchen wir, um</Unicode>
                </TextEquiv>
            </TextLine>
            <TextLine id="r1l30" custom="readingOrder {index:2;}">
                <Coords points="186,1994 1422,1995 1422,1950 1360,1931 186,1942"/>
                <Baseline points="194,1980 255,1980 316,1980 377,1980 438,1980 499,1980 560,1980 621,1980 682,1980 743,1980 804,1980 865,1980 926,1980 987,1980 1048,1980 1109,1980 1170,1979 1231,1979 1292,1979 1353,1978 1414,1978"/>
                <TextEquiv>
                    <Unicode>feste Bestimmungspunkte zu gewinnen, — dahin feststellen,</Unicode>
                </TextEquiv>
            </TextLine>
            <TextLine id="r1l31" custom="readingOrder {index:3;} concept_mus {offset:28; length:6;} concept_mus {offset:41; length:9;} concept_phy {offset:41; length:9;}">
                <Coords points="190,2050 1425,2051 1399,1995 944,2027 190,2002"/>
                <Baseline points="198,2040 262,2039 326,2039 390,2039 454,2040 518,2040 582,2040 647,2041 711,2041 775,2041 839,2041 903,2042 967,2042 1032,2042 1096,2041 1160,2041 1224,2040 1288,2040 1352,2038 1417,2037"/>
                <TextEquiv>
                    <Unicode>dass ein gewisser Theil der Klänge einer Dissonanz in die</Unicode>
                </TextEquiv>
            </TextLine>
            <TextLine id="r1l32" custom="readingOrder {index:4;} concept_mus {offset:21; length:9;} m_note {offset:31; length:9;}">
                <Coords points="184,2123 1421,2108 1430,2067 184,2070"/>
                <Baseline points="192,2100 253,2099 315,2099 376,2099 438,2099 499,2099 561,2099 622,2099 684,2100 745,2100 807,2100 868,2101 930,2101 991,2101 1053,2101 1114,2100 1176,2100 1237,2099 1299,2098 1360,2097 1422,2095"/>
                <TextEquiv>
                    <Unicode>partiellen durch die tonischen Grundtöne oder durch die</Unicode>
                </TextEquiv>
            </TextLine>
            <TextLine id="r1l33" custom="readingOrder {index:5;} concept_mus {offset:0; length:10;} concept_phy {offset:11; length:8;} concept_mus {offset:30; length:6;}">
                <Coords points="189,2179 1397,2172 1417,2128 189,2129"/>
                <Baseline points="197,2159 257,2159 318,2159 378,2159 439,2159 500,2159 560,2159 621,2160 681,2160 742,2161 803,2161 863,2161 924,2161 984,2161 1045,2161 1106,2161 1166,2161 1227,2160 1287,2159 1348,2158 1409,2156"/>
                <TextEquiv>
                    <Unicode>phonischen Obertöne gegebenen Klänge zerlegt werde. Be¬</Unicode>
                </TextEquiv>
            </TextLine>
            <TextLine id="r1l34" custom="readingOrder {index:6;} concept_mus {offset:20; length:9;} concept_phy {offset:20; length:9;} concept_mus {offset:45; length:11;}">
                <Coords points="183,2222 1434,2225 1434,2190 1346,2179 184,2184"/>
                <Baseline points="191,2218 252,2218 314,2218 376,2218 438,2219 500,2219 561,2219 623,2220 685,2220 747,2220 809,2221 870,2221 932,2221 994,2221 1056,2221 1118,2221 1179,2221 1241,2221 1303,2220 1365,2220 1427,2219"/>
                <TextEquiv>
                    <Unicode>denkt man, dass die Dissonanz nicht blos ein Doppelklang</Unicode>
                </TextEquiv>
            </TextLine>
            <TextEquiv>
                <Unicode>Vielleicht liesse sich die Beschränkung für enharmonische
Verwandlungen, — denn eine Schranke suchen wir, um
feste Bestimmungspunkte zu gewinnen, — dahin feststellen,
dass ein gewisser Theil der Klänge einer Dissonanz in die
partiellen durch die tonischen Grundtöne oder durch die
phonischen Obertöne gegebenen Klänge zerlegt werde. Be¬
denkt man, dass die Dissonanz nicht blos ein Doppelklang</Unicode>
            </TextEquiv>
        </TextRegion>
    </Page>
</PcGts>
