1502 2450
654 140 851 189 283
88 244 1329 290 nicht in reinen Systemen vorkommen und nur auf Grund
92 298 1332 351 der gemischten verständlich, leuchtet unmittelbar ein. In
87 362 1324 411 vorstehendem Beispiel ist die Lage der einzelnen Stimmen
83 419 1317 468 nicht weiter beachtet. Die umgewandelte Deutung der con¬
84 490 1329 540 sonanten Gebilde als dissonante, oder als Doppelklänge
85 539 1329 587 dürfte vielleicht klarer hervortreten, wenn der Grundton es{
87 615 1328 660 nach oben, der phonische Oberton cis} nach unten versetzt
87 666 1319 715 würde. Wenn mit dem auflösenden Accorde dieselbe Um¬
91 723 699 788 wandlung vorgenommen wird,
89 940 1327 988 so kann er weiter nach cis} — eis}} — gis} = cis+ aufgelöst werden
79 1009 1324 1060 u. s. w. So entsteht ein chromatischer Gang abwärts in
86 1058 1318 1108 Sexten-, und aufwärts in Quartsextenaccorden, der schnell
77 1115 1317 1168 in entfernte Quintgenerationen führt, und kaum in dieser
83 1171 1317 1227 Gestalt gefasst werden könnte, wenn man nicht je den auf¬
77 1234 1320 1296 steigenden oder absteigenden Leitton, der die Klangumwandlung
70 1291 1327 1349 bedingt, (also zu d — fis} — a ... his}}) hinzufügt 1). Wie früher
187 1451 672 1499 1) Also etwa folgendermaassen:
