1502 2450
607 98 769 157 229
48 203 1271 267 Falle ist die Folge noch nicht geschlossen, sondern erst dann,
41 266 1230 315 wenn ein einheitlicher Klang, d. h. eine Consonanz, folgt.
141 323 1272 376 Da nur der tonische oder phonische Dreiklang einheit¬
41 386 1278 435 lich erfasst wird, so dürfen wir sagen: In den Schwingungs¬
51 445 1280 500 verhältnisszahlen der Bestandtheile einer Dissonanz ist der
42 506 1276 555 Faktor 3 oder 5 zwei oder mehrmal enthalten. Selbstver¬
46 578 1271 620 ständlich kommen hiebei gemeinsame Faktore aller Schwin¬
50 635 1285 683 gungszahlen nicht in Betracht. Wenn die Tonica oder
46 683 1274 740 Phonica = 1 gesetzt wird, so bezeichnet der einem conso¬
50 747 1282 796 nanten Gebilde stets beiwohnende gemeinsame Faktor die
53 803 1290 857 Beziehung des Accordklanges zum Ausgangstone. In c-dur
50 867 411 916 ist beispielsweise
145 1506 1281 1588 Aber c — d — g = $$MATH lässt sich nicht weiter
48 1589 1291 1636 vereinfachen. Der zweimal auftretende Faktor 3 weist auf
54 1651 1280 1699 eine doppelte Klangvertretung hin, die allerdings noch nicht
48 1707 1285 1765 fest bestimmt ist, weil die consonanten Intervalle c — g
49 1770 1279 1819 und d — g selbst mehrdeutig sind. Es kann gesetzt werden
