1502 2450
763 122 966 181 292
196 224 1429 293 Lehre vom musikalischen Satz erforderlich wäre, um, auf
193 291 1421 344 Grundlage der Prinzipien unseres dualen Harmoniensystems
192 346 1430 404 an die Gesetze der Stimmführung, an die Lehre vom
192 410 1430 462 Contrapunkt, an die Theorie der Fuge, endlich auch an
200 467 1423 524 den Bau des umfangreichen Kunstwerkes heranzutreten.
192 522 1430 580 Dass neue Gesichtspunkte für die Bedeutung des „Fugen¬
198 586 1419 652 themas”, des „dux” und „comes”, oder der „Nachahmung”
193 643 1425 692 wie Lobe sie nennt, namentlich auch für die Theorie der
192 707 1425 763 Gegenbewegung oder Umkehrung sich ergeben müssen,
205 772 1438 822 — das wird man selbst bei oberflächlicher Betrachtung schon
202 819 1432 876 erkennen. Auch die Analyse der Fugen gewinnt auf Grund
203 882 1440 932 unseres Harmoniesystems eine ganz andere Gestalt. — Ich
204 938 1425 996 habe einige Bachsche Fugen in dieser Hinsicht untersucht,
202 1000 1430 1052 und gefunden, dass die Modulation sehr häufig normal nach
201 1058 1434 1108 dem Prinzip der Phonalität gebildet, während andere Schrift¬
193 1115 1449 1168 steller gerade hier Ausnahmen von der gegebenen Regel zu
199 1179 1430 1227 finden glaubten. Rein phonische Fugen sind mir zwar nie
204 1228 1426 1283 zu Gesichte gekommen, immer ist das halbphonische Ge¬
201 1303 1441 1348 schlecht angewandt. Ich habe die bekanntesten Lehrbücher
202 1354 1431 1411 der musikalischen Composition zur Hand genommen, und
197 1412 1436 1460 bemerkt, dass kein einziges Gesetz, das für das Dur-Geschlecht
202 1477 1434 1532 aufgestellt wird strenge und consequent auf die Moll-Systeme
199 1531 1431 1580 übertragen worden. Schon die Dispositionen der Fugen
198 1586 1434 1634 nebst Erläuterungen gestalten sich meist bei weitem ein¬
206 1642 1430 1699 facher nach unserem System. Wenn statt der Phonica, Reg¬
197 1699 1432 1755 nante und Oberregnante eines phonischen oder selbst halb¬
201 1763 1434 1824 phonischen Geschlechts die Dominante, die [Tonica] und die
200 1819 1433 1883 [Unter-Dominante] als Hauptklänge hingestellt werden, so
199 1883 1432 1932 darf man sicher auf mehr Ausnahmen als Regeln rechnen 1).
307 2059 1435 2107 1) Sieh Lobe „Lehrbuch der musikalischen Composition.” Leipzig 1860,
197 2099 1429 2139 Breitkopf und Härtel. Bd III. Auf Seite 21 giebt der Verfasser die Disposition
205 2139 1429 2179 einer as-dur Fuge von Bach. Lobe findet bei der letzteren in den Nachahmun¬
203 2179 1433 2228 gen V. und VI. Modulationen in die kleine Unterterz (F-moll) und grosse Ober¬
