1502 2450
684 114 958 173 96
209 227 1454 273 Uebergehung des diatonischen Lichanos (g) unmittelbar von
206 291 1459 338 der Paramese (h}) oder Mese (a}) übergegangen, und habe in
203 354 1442 404 dieser Manier etwas Schönes gefunden.” Also die Folge
207 411 1443 477 h} — f — e} oder h} — a} — f — e}, statt h} — a} — g — f — e} 1).
315 483 1450 532 Alle den reinen Systemen angehörenden Gesänge dür¬
207 539 1453 594 fen nur mit den systemseigenen Accorden harmonisirt
214 603 1450 650 werden, sobald es sich darum handelt, eine schlichte mög¬
206 659 1442 724 lichst getreu dem Geiste einer gegebenen Melodie entspre¬
219 723 1447 772 chende Begleitung zu geben. In vielen Fällen wird freilich
215 779 1447 836 eine Modulation unvermeidlich sein, namentlich die in die
208 842 1445 890 Paralleltonart. Es ist aber characteristisch für die europäi¬
218 906 1446 956 sche Musik, dass sie den Oberregnantaccord des phonischen
218 956 1446 1011 Geschlechts äusserst selten gebraucht, und die unmittelbar¬
214 1019 1295 1067 sten Cadenzen, namentlich die phonische Halbcadenz
212 1211 557 1275 gar nicht kennt.
315 1267 1448 1324 Mit einigen Worten will ich diese im höchsten Grade
213 1330 1444 1396 interessante Frage hier berühren, obgleich der Gegenstand
206 1395 1450 1451 eines speciellen Studiums gewiss werth wäre. — Ambros,
213 1451 1446 1500 der die auf fünf Töne reducirte Leiter für „eigenthümlich
211 1507 1442 1563 und feierlich” erklärt, theilt an der citirten Stelle „um dem
207 1571 1440 1619 modernen Leser jenes Eigenthümliche und Feierliche fühl¬
206 1627 1436 1684 barer zu machen” folgende von Fr. Bellermann herrüh¬
202 1690 746 1740 rende Harmonisirung mit:
308 1858 1446 1899 1) Alles auf die fünfstufige Tonleiter des Olympos bezügliche Material,
206 1897 1448 1948 nebst Quellenangaben findet man in beachtenswerth kritischer Behandlung bei
211 1940 1441 1980 Fortlage l. c pag. 122 ff. Leider scheint die wahre Bedeutung der Haupttöne
208 1986 1444 2035 der indischen Leitern noch immer nicht sicher festgestellt. Ueber die Beziehung
206 2033 1442 2076 der Graha, Nyasa und Ansa zur Leiter des Olympos s. Jones Musik der Indier,
213 2067 1007 2114 deutsch von Dalberg. Erfurt 1802. pag. 33 und ff.
