1502 2450
615 130 786 181 213
51 234 1287 283 Reichthum besonderer Art erhielten wir aber durch eine
53 290 1290 354 wohlbegründete Aenderung des dorischen Geschlechts, und
55 362 1285 404 zwar in der um eine Quinte versetzten sog. instrumentalen
55 412 1290 464 Molltonleiter, in welcher der unwesentlichste Bestandtheil
54 475 1283 524 des dorischen Systemes durch ein tonisches Element ersetzt
54 531 196 588 wurde.
159 595 1285 645 Analog liess, statt der Unterdominant in Dur, sich ein
63 658 1280 716 phonisches Element aufnehmen, und es entstand das sym¬
49 714 1278 762 metrische Gegenbild der instrumentalen Mollton¬
50 770 1286 826 leiter, das zwar in der Praxis gebraucht, aber bisher von
50 835 1293 883 der Theorie nicht erkannt wurde, wenigstens nicht als
59 891 1114 947 selbstständiger Gegensatz des Mollgeschlechts.
193 1076 1156 1148 5. Die Hauptklänge der gemischten Systeme.
151 1194 1279 1243 Fassen wir jetzt für die sechs Geschlechter die Bedeu¬
61 1251 1284 1316 tung der Haupttöne ins Auge, indem wir, ähnlich wie früher,
64 1308 1285 1363 ihre Stellung im System nach dem Prinzip der Tonalität
63 1375 1293 1427 und Phonalität untersuchen. Wir hatten für das Geschlecht
103 1432 983 1483 1) tonisch (Dur) g Unterdominante
528 1491 1075 1555 d Tonica und [Regnante]
519 1545 1136 1611 a Dominante und [Phonica]
535 1611 876 1677 e [Oberregnante]
98 1673 920 1730 6) phonisch (Moll) c [Unterdominante]
517 1730 1092 1796 g [Tonica] und Regnante
518 1796 1226 1852 d [Oberdominante] und Phonica
526 1851 915 1917 a Oberregnante.
149 1899 1295 1962 Anders gestaltet sich die characteristische Bedeutung
68 1963 546 2028 in 2 und 5, und zwar:
60 2026 996 2091 in 2) halbtonisch (Dur) g [Unterdominante]
597 2090 1180 2156 d Tonica und Regnante
605 2148 1207 2219 a Dominante und [Phonica]
599 2211 965 2276 e [Oberregnante].
