1502 2450
671 116 946 172 118
190 227 1432 274 absteigenden zwischen f und e} in der c-dur Leiter, oder um
188 300 1425 345 den Gegensatz zusammen zu stellen für ton. c und phon. e}
188 573 1439 635 h} — c im letzten Falle entspricht dem Verhältniss d
196 635 466 691 es{ in c-moll.
293 699 1427 748 Die Nachbarschaft zweier im Leittonverhältniss stehen¬
190 763 1431 809 der Töne kann, meine ich, kaum als ein „verknüpfendes
189 813 1433 874 Band” (Helmholtz pag. 429) zwischen beiden angesehen
201 884 1433 931 werden, insofern wenigstens nicht, als die Verwandtschaft
200 940 1426 996 der Klänge der einzige Maassstab sein kann für reine In¬
199 1004 1433 1054 tonation, sonst müsste ja das Verhältniss f, fis} = 128:135
192 1075 1434 1129 und g:gis}} = 24:25 wegen der noch grössern Nachbarschaft
192 1138 1434 1184 noch leichter zu treffen sein. Die Schwierigkeit derselben
200 1195 1427 1252 liegt, an der meist schwieriger aufzufassenden Verwandtschaft.
200 1251 658 1315 Das folgende Beispiel
194 1594 1435 1640 namentlich wenn es vorher gespielt worden, also vom Sän¬
198 1651 1436 1715 ger der ersten Stimme gekannt ist, wird leicht verstanden,
198 1723 1439 1763 und desshalb auch gewiss leicht intonirt. Dass aber hier
202 1772 1147 1836 h}:b = 135:125, unterliegt keinem Zweifel.
307 1834 1444 1895 Eben so wenig kann ich zugeben, dass der Sprung
195 1921 1434 1971 e} — as = 25:32 oder as{ — h} = 64:75 in der sogenann¬
211 1971 1397 2019 ten instrumentalen Molltonleiter Schwierigkeiten mache. —
201 2028 1441 2090 Ich muss Helmholtz widersprechen, wenn er behauptet 1),
307 2177 1444 2219 1) Helmholtz, l. c. pag. 533. Wenn ich richtig verstanden habe, so
200 2219 1438 2268 ist auch Fr. Bellermann ganz der Ansicht, die ich hier vertrete; nur muss ich
