1502 2450
703 116 985 170 144
235 683 1029 732 sind wir mithin in eses{{-dur angelangt.
333 755 1458 811 Ebenso im ersten Allegro der Egmont-Ouvertüre, wo
234 818 1442 868 im 68sten Takte eine blosse Transposition, a-dur statt bb{{-
234 882 1451 939 dur, Ursache eines Modulationsfehlers, wird, denn durch
235 955 1451 1004 neue Erniedrigungszeichen führt die Klangfolge scheinbar
235 1012 1450 1075 nach f-moll zurück, wirklich aber nach geses{{-moll und bbb-
231 1082 1456 1133 dur weiter fort. — Beispiele dieser Art kommen nicht grade
227 1153 1301 1204 sehr häufig vor, sind aber doch keineswegs selten.
329 1210 1445 1260 Für die Theorie ist die genaue Bestimmung der Ton¬
229 1267 1461 1321 höhe ein wesentliches und wichtiges Moment. Es ist meist
232 1331 1465 1380 angenommen, dass eine Modulation von c nach h-dur eine
242 1388 1456 1443 Verwandtschaft durch fünf Quintenschritte bedinge. Allein
226 1454 1460 1507 h}-dur ist weit näher verwandt, und zwar durch ein ein¬
222 1528 974 1579 ziges Bindeglied, denn die Folgen
226 1795 901 1852 sind unmittelbar verständlich. —
325 1866 1459 1911 Von diesem Gesichtspunkte aus werden wir später den
224 1931 1454 1980 Umfang aller mit ton. c und phon. e} verwandten Tonarten
223 1987 1449 2043 übersehen. Ehe wir dazu übergehen, dürfte es zweck¬
229 2050 1458 2106 dienlich sein, blos die Mannigfaltigkeit aller durch ein
227 2107 1323 2164 Bindeglied vermittelten Accordfolgen zu untersuchen.
