1502 2450
644 123 800 179 281
63 227 1312 275 auch in der Auflösung die Unterterz c verdoppelt. Wir sind
70 290 1307 340 vom Regnantaccord unter es nach phonisch e} = c+ + f+
72 361 1307 418 gelangt, daher verständlich der Regnantaccord c—d—f—as{
78 418 1313 472 = c0 + g+ dieselbe Sequenz wieder aufnimmt. — Endlich
73 492 1308 540 bemerke ich noch, dass der Ton h} selbst fortgelassen werden
63 547 1314 601 kann, ohne dass die Klanganalyse sich ändert. Wenn man
65 609 1311 659 ferner die enharmonische Umwandlung in f und as{ nicht
71 676 1322 725 Zugeben will, und demgemäss der auflösende Accord nicht
78 740 1315 792 = c+ (+ h}0) sondern = his}}+ ist, so widerspricht dem
73 803 1313 860 der Ton g, der als fisis}} nicht die Stimmung neben h} sich
64 867 367 924 erhalten kann.
66 1003 1314 1067 10. Septimenharmonieen der gemischten Geschlechter. Der
309 1066 1070 1125 consonante Dreiklang als Dissonanz.
175 1163 1309 1218 Wir besprachen am Anfange des letzten Kapitels den
67 1227 1302 1275 mit seinem reciproken Accorde selbst identischen in die Dep¬
70 1299 1088 1348 pelleittongeschlechter gehörenden Zusammenklang
169 1419 1318 1475 Die Dissonanzwirkung steigert sich, wenn in den letzten
66 1480 1312 1556 Beispielen auf Seite 273 statt a{ . . . b, resp. statt g . . . fis}
63 1555 1314 1619 genommen wird. Die Deutung wird eine dreifache. Das
62 1619 1309 1675 hinzutretende Element vermittelt ebenfalls die befriedigende
69 1674 278 1740 Auflösung
167 2060 1305 2116 Milder scheint mir die Auflösung, wenn man als Vor¬
58 2115 1295 2179 halt je den ersten Accord behandelt und den Klang von d0,
64 2179 709 2244 resp. d+ beharren lässt, also:
