1502 2450
675 115 913 172 76
288 226 1434 279 Nehmen wir statt des phon. e}-Klanges den tonischen
190 283 1430 355 e}-Klang, also statt e}—a}—c—e}, den Accord e}—gis}}—h}—e},
196 370 1427 412 so finden wir vollkommene Befriedigung. Doch ist mit die¬
191 435 1436 475 sem Accord die [Tonica] a} ganz verlassen und statt dessen
198 492 1424 546 die Phonica e} tonisch ausgedrückt worden, was, wie wir spä¬
193 555 1426 602 ter sehen werden, durchaus eine Modulation genannt wer¬
198 611 1437 669 den muss in ein mit dem phonischen sehr nahe verwandtes
198 674 1433 724 System. Bekannt ist diese Cadenz unter dem Namen
199 730 1433 795 „phrygischer Kirchenschluss”, dorische Cadenz. Letzteren
192 788 1431 868 Namen verdient sie ganz und gar nicht, weil der Ton gis}}
196 872 1441 915 nicht in das Tonsystem hineingehört, eine dorische Cadenz
195 923 1441 972 kann nur streng im dorischen System sich bewegen, und
200 980 1437 1028 eine solche ist die obenan gestellte normal phonische Ca¬
195 1043 1435 1093 denz, die übrigens auch im a-Mollsystem bekannt ist unter
198 1102 1437 1156 dem Namen „Plagalschluss mit durchgehender Sexte.” Weil
194 1158 1444 1220 die Hauptbedeutung derselben, wie wir sie oben fanden, nie
194 1218 1432 1268 erkannt wurde, finden wir auch die widersprechendsten Ur¬
201 1277 1433 1325 theile bei den Theoretikern. Während der Name Kirchen¬
193 1346 1442 1396 schluss schon darauf hinweist, dass derselbe in feierlichen
202 1402 1437 1451 und erhabenen Gesängen Anwendung fand, begegnet man oft
194 1453 1428 1502 der Behauptung, diese Cadenz sei namentlich „in der mo¬
192 1523 1439 1573 dernen sentimentalen” Musik beliebt. Dieses Urtheil scheint
192 1580 1433 1636 mir genau in demselben Maasse unberechtigt, wie wenn man
193 1635 1426 1683 die tonische Normal-Cadenz trivial und blos für Tänze ge¬
190 1690 613 1755 eignet halten wollte.
293 1760 1434 1828 Ob nun die Forderung, die [Tonica] a} im Bass zu hö¬
189 1828 1431 1868 ren, für den Schlussaccord wirklich physikalisch und phy¬
192 1892 1421 1939 siologisch begründbar, oder ob es nur Folge einer Verwöh¬
186 1947 1434 1992 nung unseres Ohres ist, scheint sehr schwer zu entscheiden.
185 1999 1414 2047 Hauptmann ist der Meinung 1), der „völlig schliessende”
194 2064 1436 2110 Abschluss werde immer nur aus einem Dominantaccorde in
286 2206 796 2260 1) Hauptmann l. c pag. 210.
