1502 2450
494 114 797 172 209
50 219 1273 267 wird deshalb stets leicht in 5, und 3 in 2 übergehen, weil
41 290 1256 339 eben im ersten das cis}, im zweiten das es{ nicht motivirt er¬
45 356 1262 403 scheint. In jenem (4) ist a0 in diesem (3)g+ bereits vor¬
45 418 1269 469 handen, daher der Ansatz zu einem halben a+ und g0 durch
40 482 1157 533 Aufnahme der Töne cis} und es{ unbegründet erscheint.
172 748 1128 803 4. Vergleich mit den griechischen Tonarten.
142 938 1273 979 Von den alten griechischen Systemen (oder Kirchenton¬
48 994 1279 1045 arten) sind nur zwei stehen geblieben, das lydische und das
52 1058 1270 1106 dorische der Griechen (jonische und phrygische Kirchenton¬
46 1116 1281 1162 art). Mit dem Anfangston einer Leiter soll offenbar der
53 1171 1282 1228 Mittel- oder Schwerpunkt des Systems, in Bezug auf die
46 1235 1286 1284 Generation seiner Bestandtheile angedeutet werden. Dass
47 1299 1287 1347 die Anfangstöne aber nur in den erwähnten Tonarten dieser
51 1354 1286 1404 Aufgabe entsprechen, glaube ich dargethan zu haben. Die
54 1413 1280 1468 übrigen erfordern in der Schlusscadenz eine chromatische
60 1476 1286 1523 Veränderung, und damit ist bewiesen, dass eine Modulation
50 1532 1282 1588 erforderlich ist, um dem vermeintlichen Mittelton des Systems
52 1595 1280 1643 seine Bedeutung zu geben. — Er erhält eine solche in die¬
51 1657 1274 1707 sem Falle erst am Schlusse, und hat sie im Lauf des Ton¬
55 1714 489 1779 stückes nicht gehabt.
150 1795 1284 1851 In der Tonreihe h} bis h} kann unmöglich h} zum Centrum
53 1874 1288 1922 genommen werden, da sämmtliche Töne der Generation nach
49 1939 1284 1988 unterhalb h} liegen, dieses selbst also an einem Endpunkte
56 1995 1286 2043 des Systems sich befindet. — Sätze in dieser sogenannten
50 2043 1285 2099 Mixolydischen Tonart der Griechen unterscheiden sich von
57 2114 1286 2179 c-dur nur dadurch, dass, mit einem Dominantklange g h} d
59 2202 1287 2251 geschlossen wird. Wie man h} als Vertreter dieses Drei¬
