<?xml version="1.0" encoding="UTF-8" standalone="yes"?>
<PcGts xmlns="http://schema.primaresearch.org/PAGE/gts/pagecontent/2013-07-15" xmlns:xsi="http://www.w3.org/2001/XMLSchema-instance" xsi:schemaLocation="http://schema.primaresearch.org/PAGE/gts/pagecontent/2013-07-15 http://schema.primaresearch.org/PAGE/gts/pagecontent/2013-07-15/pagecontent.xsd">
    <Metadata>
        <Creator>prov=University of Rostock/Institute of Mathematics/CITlab|PLANET AI GmbH/Gundram Leifert/gundram.leifert@planet-ai.de:name=ONB_Newseye_GT_M1+(htr_id=10810)::::v=2.6.7
prov=University of Rostock/Institute of Mathematics/CITlab|PLANET AI GmbH/Tobias Gruening/tobias.gruening@planet-ai.de:name=de.uros.citlab.module.baseline2polygon.B2PSeamMultiOriented:v=2.6.7
prov=University of Rostock/Institute of Mathematics/CITlab|PLANET AI GmbH/Tobias Gruening/tobias.gruening@planet-ai.de:name=/net_tf/LA73_249_0mod360.pb:de.uros.citlab.segmentation.CITlab_LA_ML:v=2.6.7
Transkribus</Creator>
        <Created>2021-03-18T14:22:06.871+01:00</Created>
        <LastChange>2021-09-07T15:58:05.507+02:00</LastChange>
        <TranskribusMetadata docId="738836" pageId="28121637" pageNr="40" tsid="64375335" status="DONE" userId="74363" imgUrl="https://files.transkribus.eu/Get?id=TIIGGYLMICGVLDNBGVIVPGPR&amp;fileType=view" xmlUrl="https://files.transkribus.eu/Get?id=NZWYLWCPZGEGLLJHGDLCSCZU" imageId="21905007"/>
    </Metadata>
    <Page imageFilename="Oettingen_Harmoniesystem_in_dualer_Entwickelung-0049.jpg" imageWidth="1502" imageHeight="2450" type="content">
        <ReadingOrder>
            <OrderedGroup id="ro_1631310991637" caption="Regions reading order">
                <RegionRefIndexed index="0" regionRef="TextRegion_1616437574176_4064"/>
                <RegionRefIndexed index="1" regionRef="TextRegion_1616437601709_4081"/>
                <RegionRefIndexed index="2" regionRef="TextRegion_1616437601709_4080"/>
                <RegionRefIndexed index="3" regionRef="TextRegion_1616437596815_4076"/>
                <RegionRefIndexed index="4" regionRef="TextRegion_1616437591450_4072"/>
                <RegionRefIndexed index="5" regionRef="TextRegion_1616437587659_4068"/>
                <RegionRefIndexed index="6" regionRef="TextRegion_1616437569748_4059"/>
                <RegionRefIndexed index="7" regionRef="TextRegion_1616437566415_4055"/>
            </OrderedGroup>
        </ReadingOrder>
        <TextRegion orientation="0.0" type="page-number" id="TextRegion_1616437574176_4064" custom="readingOrder {index:0;} structure {type:page-number;}">
            <Coords points="210,131 1453,131 1453,196 210,196"/>
            <TextLine id="r1l1" custom="readingOrder {index:0;}">
                <Coords points="794,183 808,182 815,187 832,188 846,186 864,164 874,163 872,143 864,144 845,130 822,132 806,130 788,133"/>
                <Baseline points="800,170 833,168 866,162"/>
                <TextEquiv>
                    <Unicode>32</Unicode>
                </TextEquiv>
            </TextLine>
            <TextEquiv>
                <Unicode>32</Unicode>
            </TextEquiv>
        </TextRegion>
        <TextRegion orientation="0.0" type="paragraph" id="TextRegion_1616437601709_4081" custom="readingOrder {index:1;}">
            <Coords points="210,196 1453,196 1453,343 210,343"/>
            <TextLine id="r1l2" custom="readingOrder {index:0;} m_interval {offset:4; length:9;} m_interval {offset:14; length:5;} textStyle {offset:14; length:1;italic:true; fontSize:0.0; kerning:0;} textStyle {offset:18; length:1;italic:true; fontSize:0.0; kerning:0;} concept_phy {offset:24; length:8;}">
                <Coords points="208,284 1460,276 1438,227 208,234"/>
                <Baseline points="216,274 277,273 339,272 401,272 463,271 525,271 587,271 648,270 710,270 772,270 834,270 896,270 958,270 1020,270 1081,270 1143,270 1205,270 1267,269 1329,268 1391,268 1453,267"/>
                <TextEquiv>
                    <Unicode>das Intervall c — g als Obertöne, und dieses wiederum kommt</Unicode>
                </TextEquiv>
            </TextLine>
            <TextLine id="r1l3" custom="readingOrder {index:1;} concept_mus {offset:17; length:6;}">
                <Coords points="202,347 1022,347 1087,322 1172,346 1172,298 202,303"/>
                <Baseline points="210,335 257,334 305,334 353,333 401,332 448,332 496,331 544,331 592,330 639,330 687,330 735,329 783,329 830,329 878,329 926,329 974,329 1021,328 1069,328 1117,328 1165,328"/>
                <TextEquiv>
                    <Unicode>in keinem andern Klange als Bestandtheil vor.</Unicode>
                </TextEquiv>
            </TextLine>
            <TextEquiv>
                <Unicode>das Intervall c — g als Obertöne, und dieses wiederum kommt&#13;
in keinem andern Klange als Bestandtheil vor.</Unicode>
            </TextEquiv>
        </TextRegion>
        <TextRegion orientation="0.0" type="paragraph" id="TextRegion_1616437601709_4080" custom="readingOrder {index:2;}">
            <Coords points="210,343 1453,343 1453,697 210,697"/>
            <TextLine id="r1l4" custom="readingOrder {index:0;} textStyle {offset:6; length:10;fontSize:0.0; kerning:0; letterSpaced:true;} concept_mus {offset:6; length:10;} m_interval {offset:23; length:11;} m_chord {offset:40; length:8;}">
                <Coords points="313,404 1447,384 1447,357 1294,347 313,356"/>
                <Baseline points="321,392 379,391 438,391 497,390 556,390 615,389 674,389 733,389 792,389 851,389 909,389 968,389 1027,389 1086,388 1145,388 1204,388 1263,387 1322,386 1381,385 1440,384"/>
                <TextEquiv>
                    <Unicode>Unter Phonicität eines Intervalles oder Accordes ver¬</Unicode>
                </TextEquiv>
            </TextLine>
            <TextLine id="r1l5" custom="readingOrder {index:1;} textStyle {offset:37; length:19;fontSize:0.0; kerning:0; letterSpaced:true;}">
                <Coords points="203,462 1430,460 1452,419 203,431"/>
                <Baseline points="210,451 271,450 333,450 395,450 456,449 518,449 580,449 641,448 703,448 765,448 827,448 888,448 950,447 1012,447 1073,447 1135,447 1197,447 1258,446 1320,446 1382,446 1444,446"/>
                <TextEquiv>
                    <Unicode>stehe ich die Eigenschaft desselben, stets irgend welche</Unicode>
                </TextEquiv>
            </TextLine>
            <TextLine id="r1l6" custom="readingOrder {index:2;} textStyle {offset:0; length:46;fontSize:0.0; kerning:0; letterSpaced:true;} m_note {offset:6; length:5;} concept_phy {offset:23; length:11;}">
                <Coords points="211,524 1453,515 1432,475 1345,467 211,484"/>
                <Baseline points="219,511 280,510 341,509 402,509 464,508 525,508 586,508 648,508 709,508 770,508 832,508 893,508 954,507 1015,507 1077,507 1138,507 1199,507 1261,506 1322,506 1383,505 1445,504"/>
                <TextEquiv>
                    <Unicode>allen Tönen gemeinsame Partialtöne zu besitzen.</Unicode>
                </TextEquiv>
            </TextLine>
            <TextLine id="r1l7" custom="readingOrder {index:3;} concept_phy {offset:45; length:11;}">
                <Coords points="205,580 1361,579 1447,571 1447,532 204,535"/>
                <Baseline points="213,571 274,569 335,569 396,568 458,567 519,567 580,567 642,567 703,567 764,567 826,567 887,567 948,567 1009,567 1071,567 1132,567 1193,567 1255,566 1316,565 1377,564 1439,563"/>
                <TextEquiv>
                    <Unicode>Den tiefsten der allen gemeinsam zukommenden Partialtöne</Unicode>
                </TextEquiv>
            </TextLine>
            <TextLine id="r1l8" custom="readingOrder {index:4;} concept_phy {offset:14; length:14;} textStyle {offset:34; length:18;fontSize:0.0; kerning:0; letterSpaced:true;} concept_mus {offset:34; length:10;} concept_phy {offset:45; length:7;} textStyle {offset:53; length:1;fontSize:0.0; kerning:0; superscript:true;}">
                <Coords points="203,640 1439,643 1450,597 203,606"/>
                <Baseline points="211,629 272,628 334,627 395,627 457,626 519,626 580,626 642,626 703,625 765,625 827,625 888,625 950,625 1011,625 1073,625 1135,625 1196,625 1258,625 1319,625 1381,624 1443,624"/>
                <TextEquiv>
                    <Unicode>nenne ich den coïncidirenden oder phonischen Oberton 1),</Unicode>
                </TextEquiv>
            </TextLine>
            <TextLine id="r1l9" custom="readingOrder {index:5;} m_note {offset:14; length:3;} concept_mus {offset:28; length:6;}">
                <Coords points="208,691 1446,697 1445,659 1376,643 207,659"/>
                <Baseline points="215,686 276,686 337,686 398,686 459,686 520,686 581,686 643,686 704,686 765,686 826,685 887,685 948,685 1009,685 1071,685 1132,684 1193,684 1254,684 1315,684 1376,683 1438,683"/>
                <TextEquiv>
                    <Unicode>weil alle den Ton gleichsam singen, d. h. wirklich angeben.</Unicode>
                </TextEquiv>
            </TextLine>
            <TextEquiv>
                <Unicode>Unter Phonicität eines Intervalles oder Accordes ver¬&#13;
stehe ich die Eigenschaft desselben, stets irgend welche&#13;
allen Tönen gemeinsame Partialtöne zu besitzen.&#13;
Den tiefsten der allen gemeinsam zukommenden Partialtöne&#13;
nenne ich den coïncidirenden oder phonischen Oberton 1),&#13;
weil alle den Ton gleichsam singen, d. h. wirklich angeben.</Unicode>
            </TextEquiv>
        </TextRegion>
        <TextRegion orientation="0.0" type="paragraph" id="TextRegion_1616437596815_4076" custom="readingOrder {index:3;}">
            <Coords points="210,697 1453,697 1453,878 210,878"/>
            <TextLine id="r1l10" custom="readingOrder {index:0;} concept_phy {offset:12; length:4;} concept_phy {offset:23; length:6;} concept_phy {offset:48; length:4; continued:true;}">
                <Coords points="312,746 1444,749 1415,700 1202,729 312,710"/>
                <Baseline points="320,745 375,744 431,744 487,743 543,743 599,743 654,743 710,743 766,743 822,743 878,743 933,743 989,743 1045,744 1101,744 1157,744 1212,743 1268,743 1324,743 1380,742 1436,741"/>
                <TextEquiv>
                    <Unicode>Werden zwei Töne durch Brüche dargestelt, deren Zäh¬</Unicode>
                </TextEquiv>
            </TextLine>
            <TextLine id="r1l11" custom="readingOrder {index:1;} concept_phy {offset:0; length:3; continued:true;} concept_phy {offset:15; length:6;} concept_phy {offset:27; length:12;}">
                <Coords points="210,818 1454,803 1406,763 396,790 210,762"/>
                <Baseline points="217,807 278,806 339,805 401,804 462,803 524,803 585,802 647,802 708,802 770,801 831,801 892,801 954,801 1015,801 1077,801 1138,801 1200,801 1261,802 1323,802 1384,802 1446,802"/>
                <TextEquiv>
                    <Unicode>ler = 1, deren Nenner aber relativ prim gegen einander</Unicode>
                </TextEquiv>
            </TextLine>
            <TextLine id="r1l12" custom="readingOrder {index:2;} m_note {offset:17; length:3;} concept_mus {offset:34; length:9;} concept_phy {offset:44; length:7;}">
                <Coords points="210,875 1313,875 1296,836 1168,820 210,835"/>
                <Baseline points="218,866 272,866 326,865 381,864 435,864 490,863 544,863 598,862 653,862 707,862 762,862 816,862 870,862 925,862 979,862 1034,862 1088,862 1142,862 1197,862 1251,862 1306,863"/>
                <TextEquiv>
                    <Unicode>sind, so ist der Ton 1 selbst der phonische Oberton.</Unicode>
                </TextEquiv>
            </TextLine>
            <TextEquiv>
                <Unicode>Werden zwei Töne durch Brüche dargestelt, deren Zäh¬&#13;
ler = 1, deren Nenner aber relativ prim gegen einander&#13;
sind, so ist der Ton 1 selbst der phonische Oberton.</Unicode>
            </TextEquiv>
        </TextRegion>
        <TextRegion orientation="0.0" type="paragraph" id="TextRegion_1616437591450_4072" custom="readingOrder {index:4;}">
            <Coords points="210,878 1453,878 1453,1486 210,1486"/>
            <TextLine id="r1l13" custom="readingOrder {index:0;} m_note {offset:15; length:3;} concept_phy {offset:36; length:12; continued:true;}">
                <Coords points="318,939 1454,924 1454,890 1361,882 775,909 318,883"/>
                <Baseline points="325,922 381,921 437,921 493,920 549,920 605,920 661,920 717,920 773,920 829,921 885,921 941,921 997,921 1053,921 1109,921 1165,921 1221,921 1277,920 1333,920 1389,919 1446,917"/>
                <TextEquiv>
                    <Unicode>Ist irgend ein Ton gemeinsamer oder coïncidiren¬</Unicode>
                </TextEquiv>
            </TextLine>
            <TextLine id="r1l14" custom="readingOrder {index:1;} concept_phy {offset:0; length:3; continued:true;} concept_phy {offset:4; length:7;} concept_phy {offset:33; length:9;}">
                <Coords points="210,993 1454,988 1416,938 466,970 210,943"/>
                <Baseline points="218,984 279,984 340,983 402,982 463,982 525,981 586,981 647,981 709,981 770,981 832,981 893,981 954,981 1016,981 1077,981 1139,981 1200,980 1261,980 1323,980 1384,979 1446,979"/>
                <TextEquiv>
                    <Unicode>der Oberton, so sind alle ganzen Vielfache desselben gleichfalls</Unicode>
                </TextEquiv>
            </TextLine>
            <TextLine id="r1l15" custom="readingOrder {index:2;} concept_phy {offset:0; length:13;} concept_phy {offset:14; length:8;} concept_phy {offset:51; length:9; continued:true;}">
                <Coords points="209,1052 1430,1051 1445,1009 209,1015"/>
                <Baseline points="217,1042 278,1041 339,1040 400,1040 461,1039 522,1039 583,1039 644,1039 705,1039 766,1039 827,1039 888,1040 949,1040 1010,1040 1071,1040 1132,1040 1193,1040 1254,1039 1315,1039 1376,1038 1438,1037"/>
                <TextEquiv>
                    <Unicode>coïncidirende Obertöne, und zwar nur diese letzten coïncidi¬</Unicode>
                </TextEquiv>
            </TextLine>
            <TextLine id="r1l16" custom="readingOrder {index:3;} concept_phy {offset:0; length:3; continued:true;}">
                <Coords points="210,1115 1417,1108 1451,1068 210,1075"/>
                <Baseline points="217,1101 278,1100 339,1100 401,1099 462,1099 523,1099 585,1099 646,1099 707,1099 769,1099 830,1099 891,1099 953,1099 1014,1099 1075,1099 1137,1098 1198,1098 1259,1098 1321,1097 1382,1097 1444,1096"/>
                <TextEquiv>
                    <Unicode>ren mit einander und keine andern, so dass wir in der stren¬</Unicode>
                </TextEquiv>
            </TextLine>
            <TextLine id="r1l17" custom="readingOrder {index:4;} textStyle {offset:28; length:21;fontSize:0.0; kerning:0; letterSpaced:true;} concept_phy {offset:28; length:14;} concept_mus {offset:43; length:6;}">
                <Coords points="208,1179 1407,1180 1455,1129 208,1131"/>
                <Baseline points="215,1161 276,1160 338,1159 399,1158 461,1157 523,1157 584,1157 646,1157 708,1157 769,1157 831,1157 893,1157 954,1157 1016,1158 1078,1158 1139,1158 1201,1158 1263,1158 1324,1158 1386,1158 1448,1158"/>
                <TextEquiv>
                    <Unicode>gen Wortbedeutung von einem coïncidirenden Klange</Unicode>
                </TextEquiv>
            </TextLine>
            <TextLine id="r1l18" custom="readingOrder {index:5;} m_interval {offset:45; length:9;}">
                <Coords points="213,1236 945,1207 1414,1235 1453,1181 213,1187"/>
                <Baseline points="222,1218 283,1217 344,1217 405,1217 466,1217 528,1217 589,1216 650,1216 711,1216 772,1216 834,1216 895,1216 956,1216 1017,1217 1078,1217 1140,1217 1201,1217 1262,1217 1323,1217 1384,1217 1446,1217"/>
                <TextEquiv>
                    <Unicode>sprechen können. Betrachten wir wiederum das Intervall</Unicode>
                </TextEquiv>
            </TextLine>
            <TextLine id="r1l19" custom="readingOrder {index:6;} m_interval {offset:0; length:5;} textStyle {offset:0; length:1;italic:true; fontSize:0.0; kerning:0;} textStyle {offset:4; length:1;italic:true; fontSize:0.0; kerning:0;} concept_mus {offset:18; length:9;} m_interval {offset:28; length:7;} m_note {offset:36; length:2;} textStyle {offset:36; length:1;italic:true; fontSize:0.0; kerning:0;} textStyle {offset:37; length:1;fontSize:0.0; kerning:0; superscript:true;}">
                <Coords points="212,1291 1078,1300 1454,1282 1454,1251 212,1252"/>
                <Baseline points="219,1277 280,1277 341,1277 403,1277 464,1277 525,1278 587,1278 648,1278 709,1278 771,1278 832,1278 893,1278 955,1278 1016,1278 1077,1278 1139,1278 1200,1278 1261,1278 1323,1277 1384,1277 1446,1276"/>
                <TextEquiv>
                    <Unicode>c — g, so ist der phonische Oberton gI; und ebenso alle</Unicode>
                </TextEquiv>
            </TextLine>
            <TextLine id="r1l20" custom="readingOrder {index:7;} concept_phy {offset:0; length:8;} m_note {offset:13; length:2;} textStyle {offset:13; length:1;italic:true; fontSize:0.0; kerning:0;} textStyle {offset:14; length:1;fontSize:0.0; kerning:0; superscript:true;} m_note {offset:22; length:3;} textStyle {offset:22; length:1;italic:true; fontSize:0.0; kerning:0;} textStyle {offset:23; length:2;fontSize:0.0; kerning:0; superscript:true;} m_note {offset:27; length:4;} textStyle {offset:27; length:1;italic:true; fontSize:0.0; kerning:0;} textStyle {offset:28; length:3;fontSize:0.0; kerning:0; superscript:true;} m_note {offset:33; length:4;} textStyle {offset:33; length:1;italic:true; fontSize:0.0; kerning:0;} textStyle {offset:34; length:3;fontSize:0.0; kerning:0; superscript:true;} m_note {offset:39; length:5;} textStyle {offset:39; length:1;italic:true; fontSize:0.0; kerning:0;} textStyle {offset:41; length:3;fontSize:0.0; kerning:0; superscript:true;} m_note {offset:46; length:3;} textStyle {offset:46; length:1;italic:true; fontSize:0.0; kerning:0;} textStyle {offset:47; length:2;fontSize:0.0; kerning:0; superscript:true;} m_note {offset:55; length:3;} textStyle {offset:55; length:1;italic:true; fontSize:0.0; kerning:0;} textStyle {offset:56; length:2;fontSize:0.0; kerning:0; superscript:true;} m_note {offset:60; length:3;} textStyle {offset:60; length:1;italic:true; fontSize:0.0; kerning:0;} textStyle {offset:61; length:2;fontSize:0.0; kerning:0; superscript:true;} m_note {offset:65; length:4;} textStyle {offset:65; length:1;italic:true; fontSize:0.0; kerning:0;} textStyle {offset:67; length:2;fontSize:0.0; kerning:0; superscript:true;}">
                <Coords points="210,1357 880,1371 925,1330 1117,1331 1207,1372 1249,1330 1397,1356 1436,1297 210,1310"/>
                <Baseline points="218,1346 278,1346 339,1346 399,1345 460,1345 520,1344 581,1344 641,1343 702,1343 762,1342 823,1342 883,1341 944,1341 1004,1341 1065,1341 1125,1341 1186,1342 1246,1343 1307,1344 1367,1345 1428,1347"/>
                <TextEquiv>
                    <Unicode>Obertöne des gI; also gII, dIII, gIII, h}III, dIV, . . gIV, aIV, h}IV,</Unicode>
                </TextEquiv>
            </TextLine>
            <TextLine id="r1l21" custom="readingOrder {index:8;} m_note {offset:4; length:2;} textStyle {offset:4; length:1;italic:true; fontSize:0.0; kerning:0;} textStyle {offset:5; length:1;fontSize:0.0; kerning:0; superscript:true;} m_note {offset:14; length:5;} textStyle {offset:14; length:3;italic:true; fontSize:0.0; kerning:0;} textStyle {offset:18; length:1;fontSize:0.0; kerning:0; superscript:true;} m_note {offset:21; length:2;} textStyle {offset:21; length:1;italic:true; fontSize:0.0; kerning:0;} textStyle {offset:22; length:1;fontSize:0.0; kerning:0; superscript:true;} m_note {offset:47; length:4;}">
                <Coords points="216,1427 1449,1426 1449,1381 613,1402 552,1371 510,1402 409,1363 370,1402 302,1371 216,1402"/>
                <Baseline points="223,1414 287,1414 351,1414 415,1414 479,1415 543,1415 607,1415 672,1415 736,1414 800,1414 864,1414 928,1414 992,1414 1057,1414 1121,1414 1185,1414 1249,1414 1313,1414 1377,1414 1442,1414"/>
                <TextEquiv>
                    <Unicode>. . dV, . . . fis}V, gV . . etc. Keine anderen Töne, als diese</Unicode>
                </TextEquiv>
            </TextLine>
            <TextLine id="r1l22" custom="readingOrder {index:9;} concept_phy {offset:0; length:11;}">
                <Coords points="207,1475 249,1484 447,1483 446,1446 375,1443 346,1426 307,1444 287,1444 278,1434 207,1444"/>
                <Baseline points="215,1471 243,1472 271,1471 299,1471 327,1471 355,1470 383,1470 411,1470 439,1472"/>
                <TextEquiv>
                    <Unicode>coïncidiren.</Unicode>
                </TextEquiv>
            </TextLine>
            <TextEquiv>
                <Unicode>Ist irgend ein Ton gemeinsamer oder coïncidiren¬&#13;
der Oberton, so sind alle ganzen Vielfache desselben gleichfalls&#13;
coïncidirende Obertöne, und zwar nur diese letzten coïncidi¬&#13;
ren mit einander und keine andern, so dass wir in der stren¬&#13;
gen Wortbedeutung von einem coïncidirenden Klange&#13;
sprechen können. Betrachten wir wiederum das Intervall&#13;
c — g, so ist der phonische Oberton gI; und ebenso alle&#13;
Obertöne des gI; also gII, dIII, gIII, h}III, dIV, . . gIV, aIV, h}IV,&#13;
. . dV, . . . fis}V, gV . . etc. Keine anderen Töne, als diese&#13;
coïncidiren.</Unicode>
            </TextEquiv>
        </TextRegion>
        <TextRegion orientation="0.0" type="paragraph" id="TextRegion_1616437587659_4068" custom="readingOrder {index:5;}">
            <Coords points="210,1486 1453,1486 1453,1664 210,1664"/>
            <TextLine id="r1l23" custom="readingOrder {index:0;} m_interval {offset:6; length:10;} m_chord {offset:22; length:7;}">
                <Coords points="309,1537 1448,1531 1423,1492 309,1495"/>
                <Baseline points="317,1530 373,1530 429,1529 485,1529 541,1529 597,1529 653,1529 710,1529 766,1529 822,1530 878,1530 934,1530 990,1530 1046,1530 1103,1530 1159,1530 1215,1530 1271,1530 1327,1529 1383,1529 1440,1529"/>
                <TextEquiv>
                    <Unicode>Jedem Intervalle oder Accorde kommen stets beide Ei¬</Unicode>
                </TextEquiv>
            </TextLine>
            <TextLine id="r1l24" custom="readingOrder {index:1;} concept_mus {offset:21; length:9;} concept_mus {offset:39; length:10;}">
                <Coords points="215,1611 1351,1611 1450,1600 1450,1561 215,1563"/>
                <Baseline points="223,1592 287,1591 351,1590 415,1590 479,1589 543,1589 607,1589 672,1589 736,1589 800,1589 864,1590 928,1590 992,1590 1057,1590 1121,1591 1185,1591 1249,1591 1313,1591 1377,1591 1442,1590"/>
                <TextEquiv>
                    <Unicode>genschaften, die der Tonicität und der Phonicität, zu, wie</Unicode>
                </TextEquiv>
            </TextLine>
            <TextLine id="r1l25" custom="readingOrder {index:2;} concept_phy {offset:30; length:17;}">
                <Coords points="214,1667 1447,1657 1360,1611 214,1620"/>
                <Baseline points="221,1648 285,1648 349,1648 413,1648 477,1648 541,1649 605,1649 670,1649 734,1649 798,1649 862,1649 926,1649 990,1649 1055,1649 1119,1649 1183,1649 1247,1649 1311,1649 1375,1649 1440,1649"/>
                <TextEquiv>
                    <Unicode>gross auch die entsprechenden Schwingungszahlen sein mögen.</Unicode>
                </TextEquiv>
            </TextLine>
            <TextEquiv>
                <Unicode>Jedem Intervalle oder Accorde kommen stets beide Ei¬
genschaften, die der Tonicität und der Phonicität, zu, wie
gross auch die entsprechenden Schwingungszahlen sein mögen.</Unicode>
            </TextEquiv>
        </TextRegion>
        <TextRegion orientation="0.0" id="TextRegion_1616437569748_4059" custom="readingOrder {index:6;} structure {type:paragraph-continued;}">
            <Coords points="210,1664 1453,1664 1453,2155 210,2155"/>
            <TextLine id="line_1616437644339_4132" custom="readingOrder {index:0;} m_note {offset:38; length:4;}">
                <Coords points="326,1715 1452,1715 1437,1666 1355,1697 1260,1666 589,1693 326,1668"/>
                <Baseline points="333,1704 363,1705 394,1705 424,1706 455,1707 486,1707 516,1707 547,1708 578,1708 608,1708 639,1708 670,1708 700,1708 731,1707 762,1707 792,1707 823,1706 854,1705 884,1705 915,1704 946,1703 961,1703 986,1704 1011,1705 1037,1706 1062,1707 1088,1707 1113,1707 1138,1708 1164,1708 1189,1708 1215,1708 1240,1707 1266,1707 1291,1707 1316,1707 1342,1707 1367,1707 1393,1707 1418,1707 1444,1708"/>
                <TextEquiv>
                    <Unicode>Wie man in allen Fällen, — wenn mehre Töne und</Unicode>
                </TextEquiv>
            </TextLine>
            <TextLine id="r1l28" custom="readingOrder {index:1;} concept_phy {offset:6; length:23;} concept_phy {offset:33; length:13;}">
                <Coords points="221,1780 1445,1780 1407,1731 221,1726"/>
                <Baseline points="229,1765 289,1765 349,1766 410,1766 470,1766 531,1766 591,1766 652,1767 712,1767 773,1767 833,1767 893,1767 954,1768 1014,1768 1075,1768 1135,1768 1196,1768 1256,1768 1317,1768 1377,1768 1438,1768"/>
                <TextEquiv>
                    <Unicode>deren Schwingungsverhältnisse in ganzen Zahlen, ächten oder</Unicode>
                </TextEquiv>
            </TextLine>
            <TextLine id="r1l29" custom="readingOrder {index:2;} concept_phy {offset:9; length:7;} concept_mus {offset:52; length:3; continued:true;}">
                <Coords points="219,1834 1438,1828 1398,1788 219,1795"/>
                <Baseline points="226,1825 286,1825 346,1825 406,1825 467,1825 527,1825 587,1825 647,1825 708,1825 768,1825 828,1826 888,1826 949,1826 1009,1826 1069,1826 1129,1826 1190,1826 1250,1826 1310,1826 1370,1826 1431,1826"/>
                <TextEquiv>
                    <Unicode>unächten Brüchen gegeben sind, — sicher und schnell to¬</Unicode>
                </TextEquiv>
            </TextLine>
            <TextLine id="r1l30" custom="readingOrder {index:3;} concept_mus {offset:0; length:7; continued:true;} m_note {offset:8; length:8;} concept_mus {offset:21; length:10;} concept_phy {offset:32; length:7;}">
                <Coords points="209,1897 1345,1906 1454,1899 1454,1851 209,1857"/>
                <Baseline points="217,1885 278,1886 339,1886 401,1886 462,1886 524,1886 585,1886 647,1886 708,1886 770,1886 831,1886 892,1886 954,1886 1015,1886 1077,1886 1138,1886 1200,1886 1261,1887 1323,1887 1384,1887 1446,1888"/>
                <TextEquiv>
                    <Unicode>nischen Grundton und phonischen Oberton finden kann, soll</Unicode>
                </TextEquiv>
            </TextLine>
            <TextLine id="r1l31" custom="readingOrder {index:4;}">
                <Coords points="218,1964 1333,1964 1448,1953 1448,1915 218,1916"/>
                <Baseline points="226,1946 286,1946 347,1946 408,1946 468,1946 529,1946 590,1946 650,1946 711,1945 772,1945 833,1945 893,1945 954,1945 1015,1946 1075,1946 1136,1946 1197,1946 1257,1946 1318,1946 1379,1947 1440,1947"/>
                <TextEquiv>
                    <Unicode>sogleich angegeben werden. Ein Beispiel wollen wir nur</Unicode>
                </TextEquiv>
            </TextLine>
            <TextLine id="r1l32" custom="readingOrder {index:5;}">
                <Coords points="217,2014 1449,2020 1415,1964 1186,1993 217,1970"/>
                <Baseline points="224,2001 284,2002 345,2003 406,2004 467,2005 528,2005 589,2005 649,2006 710,2006 771,2006 832,2006 893,2006 954,2005 1015,2005 1075,2005 1136,2005 1197,2005 1258,2005 1319,2006 1380,2006 1441,2007"/>
                <TextEquiv>
                    <Unicode>vorausschicken, um an demselben zu erörtern, was gesucht</Unicode>
                </TextEquiv>
            </TextLine>
            <TextLine id="r1l33" custom="readingOrder {index:6;} m_chord {offset:25; length:4;} m_chord {offset:34; length:13;}">
                <Coords points="213,2068 1452,2069 1423,2027 213,2035"/>
                <Baseline points="221,2064 282,2064 343,2065 404,2065 465,2065 527,2066 588,2066 649,2066 710,2066 771,2066 833,2066 894,2066 955,2066 1016,2066 1077,2066 1139,2066 1200,2066 1261,2066 1322,2066 1383,2066 1445,2066"/>
                <TextEquiv>
                    <Unicode>wird. Betrachten wir den Dur- und Molldreiklang, so haben wir</Unicode>
                </TextEquiv>
            </TextLine>
            <TextEquiv>
                <Unicode>Wie man in allen Fällen, — wenn mehre Töne und
deren Schwingungsverhältnisse in ganzen Zahlen, ächten oder
unächten Brüchen gegeben sind, — sicher und schnell to¬
nischen Grundton und phonischen Oberton finden kann, soll
sogleich angegeben werden. Ein Beispiel wollen wir nur
vorausschicken, um an demselben zu erörtern, was gesucht
wird. Betrachten wir den Dur- und Molldreiklang, so haben wir</Unicode>
            </TextEquiv>
        </TextRegion>
        <TextRegion orientation="0.0" type="footnote" id="TextRegion_1616437566415_4055" custom="readingOrder {index:7;} structure {type:footnote;}">
            <Coords points="210,2155 1453,2155 1453,2289 210,2289"/>
            <TextLine id="r1l34" custom="readingOrder {index:0;}">
                <Coords points="317,2234 351,2244 378,2222 390,2235 450,2234 467,2251 522,2235 690,2243 738,2236 739,2206 655,2196 637,2208 592,2195 573,2209 544,2188 455,2209 415,2195 318,2194"/>
                <Baseline points="325,2226 350,2226 375,2226 400,2227 426,2227 451,2228 476,2228 502,2228 527,2229 552,2229 578,2230 603,2230 628,2230 654,2230 679,2230 704,2230 730,2229"/>
                <TextEquiv>
                    <Unicode>1) Von $$GRAPHIC, ich singe.</Unicode>
                </TextEquiv>
            </TextLine>
            <TextEquiv>
                <Unicode>1) Von $$GRAPHIC, ich singe.</Unicode>
            </TextEquiv>
        </TextRegion>
    </Page>
</PcGts>
