1502 2450
681 123 955 180 276
207 227 1454 283 Ich verkenne nicht die offenbare Schwierigkeit, die hier ob¬
209 303 1132 354 waltet. Nehmen wir ein einfaches Beispiel.
317 595 1445 652 Dass die Töne dis}} und fis} harmonisch zu rechtfertigen,
225 657 1447 716 erkennt man schon daraus, dass man nicht es{ und ges
218 738 1450 780 schreiben darf. Ich glaube, dass im Tone dis}} sowohl als
213 794 1446 844 in fis} ein h}+-klang zu sehen ist. In der That ist ja, wie
217 859 1441 916 wir von früher her wissen, der tonische c-Klang zugleich
219 923 1441 986 phonischer h}-Klang. Der auflösende Accord lässt aber so¬
214 990 1442 1042 gleich seine tonische Bedeutung hervortreten, schon desshalb
218 1051 1445 1091 weil der c-Klang durch alle Accorde hindurch beharrt. So
220 1105 1442 1156 bietet die phonische Eigenschaft des tonisch consonanten
216 1162 1436 1211 Dreiklangs die Brücke für das Verständniss der sich unmit¬
215 1220 1447 1274 telbar folgenden um einen Halbton von einander entfernten
214 1276 1450 1331 tonischen Dreiklänge. Allerdings könnte man auch den
215 1360 1439 1411 Accorde e} — g — h} = h}0 als Vermittler der Folge ansehen.
213 1410 1435 1475 Ich glaube nicht, dass unvermittelt die Folge h}+, c+
222 1488 1439 1540 gefasst werden kann. Lehrreich ist hier wiederum das Spie¬
222 1546 1444 1595 gelbild der obigen Cadenz, dem man wohl kaum in der
216 1594 1446 1651 Kirchenmusik begegnen dürfte, und welches in consequenter
214 1658 810 1708 Schreibweise folgendes wäre:
323 1930 1444 1987 Nach meinem Urtheil befriedigt dieser Schluss nicht.
217 1988 1439 2044 Die Töne b und des{ klingen fremd und widrig. Ja der
216 2058 1440 2115 Schlussaccord macht wirklich den Eindruck einer Dissonanz,
208 2140 1445 2187 die am einfachsten sich nach f auflöst dadurch, dass e} in
211 2187 983 2252 der oberen Stimme nach f übergeht.
