1502 2450
657 114 943 171 244
284 226 541 283 als Vorhalt
179 370 950 436 als fortschreitende Septimenharmonie
285 603 1437 651 Im letzteren Falle haben wir von c+ nach f+ einen
191 659 1445 715 unmittelbar verständlichen Quintschritt, der von g+ nach
186 730 1428 772 demselben f+ erscheint durch den tonischen Accord ver¬
185 792 1431 842 mittelt. Als Schlusscadenz könnte diese Folge nie befrie¬
191 836 1440 907 digen, weil f+ nach g+ als vorgreifender Klang von c+
190 898 397 948 erscheint.
295 972 1438 1036 In der letzten Accordfolge kann das c auch fortbleiben,
196 1035 1446 1084 ohne dass dadurch die Klangbedeutung sich ändere. Dieses
189 1092 1433 1146 führt uns zu einem neuen Gesichtspunkte: Selbst conso¬
190 1154 1433 1201 nante Dreiklänge können in dissonante Doppel¬
191 1210 1042 1267 klänge zerfallen; wir müssen deuten:
184 1509 1301 1564 Dagegen anders den mittleren Accord in der Folge
284 1810 1439 1859 In den reinen Geschlechtern werden namentlich die
188 1868 1442 1921 antinomen Consonanzen (also die Terz- und Leitklänge) oft
182 1930 1438 1987 als Dissonanzen auftreten, ganz ähnlich wie der Dreiklang
186 1986 1433 2043 auf der zweiten Stufe. Im phonischen System wird ebenso
185 2055 1436 2106 der Klang f — a} — c nicht immer = f+ gesetzt werden
187 2115 1433 2172 dürfen. So z. B. im Spiegelbilde der zuletzt erwähnten
183 2170 459 2236 Klangfolgen:
