1502 2450
783 123 931 180 186
313 771 1441 828 Hiermit sind alle Arten paralleler Verwandtschaft
218 835 420 892 erschöpft.
317 891 1433 947 Für die Verwandtschaft der Reciprocität, unter¬
210 954 695 1005 scheiden wir 4 Grade:
314 1015 1439 1075 1) Hauptklänge des Ausgangssystemes sind reciprok
207 1076 997 1123 den Hauptklängen des combinirten:
317 1128 1438 1183 α) 3 Klänge reciprok: Antinome Systeme eines und
206 1201 1385 1251 desselben Tones (Tab. C und D, sub 0) (Octavschritt).
323 1251 1436 1315 β) 2 Klänge reciprok: Antinome Systeme zweier um
214 1319 1442 1371 einen Quintschritt entfernten Töne (Tab. C und D, sub
218 1371 1434 1420 I und 1) und zwar ist die Verwandtschaft eine wesentlichere
217 1427 1436 1483 bei I, da Tonica und Dominante ihren Gegensatz in Reg¬
210 1491 1431 1540 nante und Phonica finden, während sub 1 die untergeordne¬
218 1547 1426 1603 ten Hauptseiten sich entsprechen. (Hieher gehört die Ver¬
217 1609 1428 1666 wandtschaft zwischen gleichnamigen Dur- und Mollsystemen).
321 1679 1438 1732 γ) 1 Klang reciprok: Antinome Systeme zweier um
218 1730 1432 1780 einen Doppelquintschritt oder eine grosse Sekunde ent¬
218 1788 1440 1844 fernten Töne Tab. C und D, sub II und 2. Aus demselben
215 1851 1437 1894 Grunde, wie früher ist die Verwandtschaft sub II eine we¬
219 1915 1435 1963 sentlichere, da die Hauptseiten der zu einander combi¬
217 1972 1427 2020 nirten Systeme einander reciprok sind, sub 2 dagegen bie¬
219 2026 1440 2076 ten die Ausgangssysteme Wege enharmonischen Wechsels
215 2091 301 2140 dar.
317 2147 1441 2198 2) Hauptklänge des Ausgangssystemes reciprok
216 2218 1019 2260 den Nebenklängen des combinirten:
