<?xml version="1.0" encoding="UTF-8" standalone="yes"?>
<PcGts xmlns="http://schema.primaresearch.org/PAGE/gts/pagecontent/2013-07-15" xmlns:xsi="http://www.w3.org/2001/XMLSchema-instance" xsi:schemaLocation="http://schema.primaresearch.org/PAGE/gts/pagecontent/2013-07-15 http://schema.primaresearch.org/PAGE/gts/pagecontent/2013-07-15/pagecontent.xsd">
    <Metadata>
        <Creator>prov=University of Rostock/Institute of Mathematics/CITlab|PLANET AI GmbH/Gundram Leifert/gundram.leifert@planet-ai.de:name=ONB_Newseye_GT_M1+(htr_id=10810)::::v=2.6.7
prov=University of Rostock/Institute of Mathematics/CITlab|PLANET AI GmbH/Tobias Gruening/tobias.gruening@planet-ai.de:name=de.uros.citlab.module.baseline2polygon.B2PSeamMultiOriented:v=2.6.7
prov=University of Rostock/Institute of Mathematics/CITlab|PLANET AI GmbH/Tobias Gruening/tobias.gruening@planet-ai.de:name=/net_tf/LA73_249_0mod360.pb:de.uros.citlab.segmentation.CITlab_LA_ML:v=2.6.7
Transkribus</Creator>
        <Created>2021-03-18T14:22:17.526+01:00</Created>
        <LastChange>2021-05-29T21:02:25.797+02:00</LastChange>
        <TranskribusMetadata docId="634080" pageId="24814987" pageNr="284" tsid="58442476" status="DONE" userId="74363" imgUrl="https://files.transkribus.eu/Get?id=MUVEGJYPCFLUNKPHYKPGGXEL&amp;fileType=view" xmlUrl="https://files.transkribus.eu/Get?id=PSJGIEHDOLFUKNZMRETBBICA" imageId="19136386"/>
    </Metadata>
    <Page imageFilename="Oettingen_Harmoniesystem_in_dualer_Entwickelung-0293.jpg" imageWidth="1502" imageHeight="2450" type="content">
        <ReadingOrder>
            <OrderedGroup id="ro_1624195895952" caption="Regions reading order">
                <RegionRefIndexed index="0" regionRef="TextRegion_1621433081683_3261"/>
                <RegionRefIndexed index="1" regionRef="TextRegion_1621433081683_3260"/>
                <RegionRefIndexed index="2" regionRef="TextRegion_1621433079054_3256"/>
                <RegionRefIndexed index="4" regionRef="TextRegion_1621433065800_3248"/>
                <RegionRefIndexed index="5" regionRef="TextRegion_1621433117322_3276"/>
            </OrderedGroup>
        </ReadingOrder>
        <TextRegion orientation="0.0" type="page-number" id="TextRegion_1621433081683_3261" custom="readingOrder {index:0;} structure {type:page-number;}">
            <Coords points="198,127 1439,127 1439,196 198,196"/>
            <TextLine id="r1l1" custom="readingOrder {index:0;}">
                <Coords points="758,169 777,174 847,173 861,172 872,159 941,162 939,134 874,138 854,122 828,121 774,124 756,133"/>
                <Baseline points="765,161 792,161 820,159 848,156 876,154 904,153 932,154"/>
                <TextEquiv>
                    <Unicode>274</Unicode>
                </TextEquiv>
            </TextLine>
            <TextEquiv>
                <Unicode>274</Unicode>
            </TextEquiv>
        </TextRegion>
        <TextRegion orientation="0.0" type="paragraph" id="TextRegion_1621433081683_3260" custom="readingOrder {index:1;}">
            <Coords points="198,196 1439,196 1439,610 198,610"/>
            <TextLine id="r1l2" custom="readingOrder {index:0;}">
                <Coords points="193,270 1435,267 1370,226 1152,219 193,233"/>
                <Baseline points="200,262 261,261 322,260 384,260 445,260 507,260 568,260 629,260 691,261 752,261 814,261 875,262 936,262 998,262 1059,263 1121,263 1182,263 1243,263 1305,262 1366,262 1428,261"/>
                <TextEquiv>
                    <Unicode>und erklärt ihn fast ebenso, wie wir. Wenigstens unter¬</Unicode>
                </TextEquiv>
            </TextLine>
            <TextLine id="r1l3" custom="readingOrder {index:1;} textStyle {offset:42; length:2;italic:true; fontSize:0.0; kerning:0;} textStyle {offset:48; length:1;italic:true; fontSize:0.0; kerning:0;}">
                <Coords points="195,332 1434,324 1369,284 195,293"/>
                <Baseline points="202,322 263,321 324,321 385,320 446,320 508,320 569,320 630,320 691,321 752,321 814,321 875,322 936,322 997,322 1058,322 1120,322 1181,322 1242,322 1303,322 1364,321 1426,321"/>
                <TextEquiv>
                    <Unicode>scheidet er die gesonderten Bestandtheile es{ — g, und hie¬</Unicode>
                </TextEquiv>
            </TextLine>
            <TextLine id="r1l4" custom="readingOrder {index:2;} textStyle {offset:33; length:1;italic:true; fontSize:0.0; kerning:0;} textStyle {offset:37; length:3;italic:true; fontSize:0.0; kerning:0;} textStyle {offset:44; length:1;italic:true; fontSize:0.0; kerning:0;}">
                <Coords points="197,412 1433,412 1433,370 1379,354 1237,385 198,369"/>
                <Baseline points="205,396 266,396 327,397 388,397 449,397 510,397 571,397 632,397 693,397 754,397 815,397 876,397 937,397 998,397 1059,397 1120,397 1181,398 1242,398 1303,399 1364,399 1425,400"/>
                <TextEquiv>
                    <Unicode>mit verbunden ein Bruchtheil von a — cis} — e. Da aber</Unicode>
                </TextEquiv>
            </TextLine>
            <TextLine id="r1l5" custom="readingOrder {index:3;} textStyle {offset:56; length:1;italic:true; fontSize:0.0; kerning:0;}">
                <Coords points="202,468 1434,475 1434,418 203,420"/>
                <Baseline points="210,457 270,457 331,457 392,457 453,457 514,457 574,457 635,457 696,457 757,458 818,458 878,458 939,458 1000,458 1061,458 1122,458 1182,458 1243,458 1304,458 1365,457 1426,457"/>
                <TextEquiv>
                    <Unicode>dort die rein dorische Leiter behandelt wird (des Tones d)</Unicode>
                </TextEquiv>
            </TextLine>
            <TextLine id="r1l6" custom="readingOrder {index:4;} textStyle {offset:18; length:3;italic:true; fontSize:0.0; kerning:0;}">
                <Coords points="191,535 1435,540 1435,487 191,505"/>
                <Baseline points="199,526 260,526 321,525 383,525 444,525 506,525 567,525 628,525 690,525 751,525 813,526 874,526 935,526 997,526 1058,526 1120,526 1181,526 1242,527 1304,527 1365,527 1427,527"/>
                <TextEquiv>
                    <Unicode>so bleibt der Ton cis} unerklärt; dann aber ergäbe sich nach</Unicode>
                </TextEquiv>
            </TextLine>
            <TextLine id="r1l7" custom="readingOrder {index:5;} textStyle {offset:0; length:9;fontSize:0.0; kerning:0; letterSpaced:true;} textStyle {offset:33; length:10;fontSize:0.0; kerning:0; letterSpaced:true;} textStyle {offset:50; length:1;fontSize:0.0; kerning:0; superscript:true;}">
                <Coords points="190,595 1441,594 1415,547 190,552"/>
                <Baseline points="198,585 259,585 321,585 383,585 445,585 507,585 568,585 630,585 692,585 754,585 816,585 877,586 939,586 1001,586 1063,586 1125,586 1186,586 1248,586 1310,586 1372,586 1434,587"/>
                <TextEquiv>
                    <Unicode>Helmholtz nur die soeben von uns verworfene Folge 1).</Unicode>
                </TextEquiv>
            </TextLine>
            <TextEquiv>
                <Unicode>und erklärt ihn fast ebenso, wie wir. Wenigstens unter¬&#13;
scheidet er die gesonderten Bestandtheile es{ — g, und hie¬&#13;
mit verbunden ein Bruchtheil von a — cis} — e. Da aber&#13;
dort die rein dorische Leiter behandelt wird (des Tones d)&#13;
so bleibt der Ton cis} unerklärt; dann aber ergäbe sich nach&#13;
Helmholtz nur die soeben von uns verworfene Folge 1).</Unicode>
            </TextEquiv>
        </TextRegion>
        <TextRegion orientation="0.0" type="paragraph" id="TextRegion_1621433079054_3256" custom="readingOrder {index:2;}">
            <Coords points="198,610 1439,610 1439,1499 198,1499"/>
            <TextLine id="r1l8" custom="readingOrder {index:0;}">
                <Coords points="313,664 1438,676 1439,631 313,611"/>
                <Baseline points="320,651 375,652 431,652 486,652 542,653 597,653 653,653 708,653 764,653 819,653 875,653 930,653 986,653 1041,653 1097,654 1152,654 1208,654 1263,654 1319,655 1374,655 1430,656"/>
                <TextEquiv>
                    <Unicode>Wir lernen aber hier noch mehr: Wir hatten gefunden,</Unicode>
                </TextEquiv>
            </TextLine>
            <TextLine id="r1l9" custom="readingOrder {index:1;} textStyle {offset:32; length:1;italic:true; fontSize:0.0; kerning:0;} textStyle {offset:36; length:1;italic:true; fontSize:0.0; kerning:0;} textStyle {offset:40; length:1;italic:true; fontSize:0.0; kerning:0;} textStyle {offset:44; length:3;italic:true; fontSize:0.0; kerning:0;}">
                <Coords points="207,731 1013,747 1439,731 1439,690 206,683"/>
                <Baseline points="214,720 274,721 335,721 396,722 457,722 518,722 579,722 640,721 701,721 762,721 823,720 883,720 944,720 1005,720 1066,719 1127,720 1188,720 1249,720 1310,721 1371,722 1432,723"/>
                <TextEquiv>
                    <Unicode>dass der Dominantseptimenaccord e — g — a — cis} und der</Unicode>
                </TextEquiv>
            </TextLine>
            <TextLine id="r1l10" custom="readingOrder {index:2;} textStyle {offset:22; length:2;italic:true; fontSize:0.0; kerning:0;} textStyle {offset:28; length:1;italic:true; fontSize:0.0; kerning:0;} textStyle {offset:32; length:1;italic:true; fontSize:0.0; kerning:0;} textStyle {offset:36; length:1;italic:true; fontSize:0.0; kerning:0;}">
                <Coords points="204,793 1441,788 1424,739 204,739"/>
                <Baseline points="212,779 273,780 334,780 395,780 456,781 517,781 578,781 639,781 700,781 761,781 823,780 884,780 945,780 1006,780 1067,780 1128,780 1189,781 1250,781 1311,781 1372,782 1434,783"/>
                <TextEquiv>
                    <Unicode>Regnantseptimenaccord es{ — g — a — c der erstere sowohl</Unicode>
                </TextEquiv>
            </TextLine>
            <TextLine id="r1l11" custom="readingOrder {index:3;} textStyle {offset:5; length:1;italic:true; fontSize:0.0; kerning:0;} textStyle {offset:6; length:1;fontSize:0.0; kerning:0; superscript:true;} textStyle {offset:23; length:1;italic:true; fontSize:0.0; kerning:0;} textStyle {offset:25; length:1;fontSize:0.0; kerning:0; superscript:true;} textStyle {offset:49; length:1;italic:true; fontSize:0.0; kerning:0;} textStyle {offset:50; length:1;fontSize:0.0; kerning:0; superscript:true;}">
                <Coords points="193,855 1447,851 1422,811 193,819"/>
                <Baseline points="201,849 262,849 324,849 386,850 448,850 510,850 572,850 634,850 696,850 758,850 820,849 881,849 943,849 1005,849 1067,849 1129,849 1191,849 1253,849 1315,849 1377,849 1439,850"/>
                <TextEquiv>
                    <Unicode>nach d+, als auch nach a}0 letzterer sowohl nach d0 als auch</Unicode>
                </TextEquiv>
            </TextLine>
            <TextLine id="r1l12" custom="readingOrder {index:4;} textStyle {offset:5; length:1;italic:true; fontSize:0.0; kerning:0;} textStyle {offset:6; length:1;fontSize:0.0; kerning:0; superscript:true;}">
                <Coords points="197,924 1436,907 1350,866 197,882"/>
                <Baseline points="205,908 266,907 327,907 388,907 449,907 510,907 571,907 633,907 694,908 755,908 816,909 877,909 938,909 999,910 1061,910 1122,910 1183,910 1244,910 1305,909 1366,909 1428,908"/>
                <TextEquiv>
                    <Unicode>nach g+ aufgelöst werden könne, dass alsdann aber die Sep¬</Unicode>
                </TextEquiv>
            </TextLine>
            <TextLine id="r1l13" custom="readingOrder {index:5;} textStyle {offset:5; length:1;italic:true; fontSize:0.0; kerning:0;} textStyle {offset:14; length:1;italic:true; fontSize:0.0; kerning:0;} textStyle {offset:21; length:9;fontSize:0.0; kerning:0; letterSpaced:true;} textStyle {offset:41; length:1;italic:true; fontSize:0.0; kerning:0;} textStyle {offset:42; length:1;fontSize:0.0; kerning:0; superscript:true;} textStyle {offset:50; length:1;italic:true; fontSize:0.0; kerning:0;} textStyle {offset:51; length:1;fontSize:0.0; kerning:0; superscript:true;}">
                <Coords points="204,979 927,987 1214,952 1316,987 1432,930 204,931"/>
                <Baseline points="212,967 272,967 333,967 393,968 454,968 515,968 575,968 636,969 697,969 757,969 818,969 879,969 939,969 1000,969 1061,969 1121,969 1182,968 1243,968 1303,968 1364,968 1425,967"/>
                <TextEquiv>
                    <Unicode>time g, resp. a eine Umdeutung erlitt in d0 resp. d+.</Unicode>
                </TextEquiv>
            </TextLine>
            <TextLine id="r1l14" custom="readingOrder {index:6;}">
                <Coords points="192,1044 1400,1037 1439,1004 192,987"/>
                <Baseline points="200,1026 261,1027 323,1027 384,1027 446,1028 507,1028 569,1028 630,1028 692,1029 753,1029 815,1029 877,1029 938,1029 1000,1028 1061,1028 1123,1028 1184,1028 1246,1028 1307,1027 1369,1027 1431,1027"/>
                <TextEquiv>
                    <Unicode>Einen Beleg fanden wir dafür in der Natur der Nonenac¬</Unicode>
                </TextEquiv>
            </TextLine>
            <TextLine id="r1l15" custom="readingOrder {index:7;} textStyle {offset:25; length:2;italic:true; fontSize:0.0; kerning:0;} textStyle {offset:31; length:1;italic:true; fontSize:0.0; kerning:0;} textStyle {offset:35; length:1;italic:true; fontSize:0.0; kerning:0;} textStyle {offset:39; length:3;italic:true; fontSize:0.0; kerning:0;} textStyle {offset:51; length:1;italic:true; fontSize:0.0; kerning:0;}">
                <Coords points="199,1108 1421,1116 1446,1072 199,1069"/>
                <Baseline points="206,1094 267,1095 329,1096 390,1096 452,1096 514,1096 575,1096 637,1096 698,1096 760,1096 822,1095 883,1095 945,1095 1006,1095 1068,1095 1130,1095 1191,1095 1253,1096 1314,1097 1376,1098 1438,1099"/>
                <TextEquiv>
                    <Unicode>corde. — Hier im Accorde es{ — g — a — cis} können g</Unicode>
                </TextEquiv>
            </TextLine>
            <TextLine id="r1l16" custom="readingOrder {index:8;} textStyle {offset:4; length:1;italic:true; fontSize:0.0; kerning:0;} textStyle {offset:28; length:1;italic:true; fontSize:0.0; kerning:0;} textStyle {offset:30; length:1;fontSize:0.0; kerning:0; superscript:true;} textStyle {offset:36; length:1;italic:true; fontSize:0.0; kerning:0;} textStyle {offset:37; length:1;fontSize:0.0; kerning:0; superscript:true;}">
                <Coords points="198,1179 1048,1156 1254,1188 1438,1171 1438,1130 198,1137"/>
                <Baseline points="205,1163 266,1163 327,1163 388,1163 450,1163 511,1163 572,1163 634,1163 695,1163 756,1163 818,1163 879,1163 940,1163 1001,1163 1063,1163 1124,1163 1185,1163 1247,1163 1308,1163 1369,1164 1431,1164"/>
                <TextEquiv>
                    <Unicode>und a nicht mehr die Klänge d}0 und d+ vertreten, weil die</Unicode>
                </TextEquiv>
            </TextLine>
            <TextLine id="r1l17" custom="readingOrder {index:9;} textStyle {offset:29; length:1;italic:true; fontSize:0.0; kerning:0;} textStyle {offset:35; length:1;italic:true; fontSize:0.0; kerning:0;} textStyle {offset:41; length:1;italic:true; fontSize:0.0; kerning:0;} textStyle {offset:42; length:1;fontSize:0.0; kerning:0; superscript:true;} textStyle {offset:48; length:1;italic:true; fontSize:0.0; kerning:0;} textStyle {offset:49; length:1;fontSize:0.0; kerning:0; superscript:true;}">
                <Coords points="202,1236 1410,1236 1437,1193 202,1194"/>
                <Baseline points="209,1223 270,1223 331,1223 392,1223 453,1223 514,1223 575,1223 636,1223 697,1223 758,1223 819,1223 880,1224 941,1224 1002,1224 1063,1224 1124,1224 1185,1224 1246,1224 1307,1224 1368,1224 1430,1223"/>
                <TextEquiv>
                    <Unicode>selbstständige Bedeutung von g und a als g0 und a+ unter</Unicode>
                </TextEquiv>
            </TextLine>
            <TextLine id="r1l18" custom="readingOrder {index:10;} textStyle {offset:35; length:2;italic:true; fontSize:0.0; kerning:0;} textStyle {offset:43; length:3;italic:true; fontSize:0.0; kerning:0;}">
                <Coords points="194,1300 1441,1299 1416,1251 1215,1243 194,1267"/>
                <Baseline points="201,1291 262,1291 324,1291 385,1291 447,1291 509,1291 570,1291 632,1291 693,1291 755,1291 817,1291 878,1292 940,1292 1001,1292 1063,1292 1125,1292 1186,1292 1248,1292 1309,1292 1371,1291 1433,1291"/>
                <TextEquiv>
                    <Unicode>allen Umständen durch die Terztöne es{ und cis} fixirt ist.</Unicode>
                </TextEquiv>
            </TextLine>
            <TextLine id="r1l19" custom="readingOrder {index:11;}">
                <Coords points="194,1371 1436,1362 1382,1322 194,1321"/>
                <Baseline points="202,1358 263,1358 324,1358 386,1358 447,1359 508,1359 570,1359 631,1359 692,1359 754,1359 815,1359 876,1359 938,1359 999,1359 1060,1359 1122,1359 1183,1359 1244,1359 1306,1359 1367,1359 1429,1359"/>
                <TextEquiv>
                    <Unicode>Die Deutung der Klänge ist eng, unzweideutig fest und be¬</Unicode>
                </TextEquiv>
            </TextLine>
            <TextLine id="r1l20" custom="readingOrder {index:12;} textStyle {offset:34; length:1;italic:true; fontSize:0.0; kerning:0;} textStyle {offset:35; length:1;fontSize:0.0; kerning:0; superscript:true;} textStyle {offset:42; length:1;italic:true; fontSize:0.0; kerning:0;} textStyle {offset:43; length:1;fontSize:0.0; kerning:0; superscript:true;}">
                <Coords points="196,1428 1444,1422 1406,1381 196,1388"/>
                <Baseline points="204,1417 265,1417 327,1417 388,1418 450,1418 512,1418 573,1418 635,1418 696,1418 758,1418 820,1418 881,1418 943,1418 1004,1418 1066,1419 1128,1419 1189,1419 1251,1420 1312,1420 1374,1421 1436,1421"/>
                <TextEquiv>
                    <Unicode>stimmt, ebenso die Auflösung nach d+ oder d0, d. h. nach</Unicode>
                </TextEquiv>
            </TextLine>
            <TextLine id="r1l21" custom="readingOrder {index:13;}">
                <Coords points="195,1488 961,1489 961,1451 839,1436 195,1447"/>
                <Baseline points="202,1480 239,1479 277,1479 314,1479 352,1478 390,1478 427,1478 465,1478 502,1478 540,1477 578,1477 615,1477 653,1477 690,1478 728,1478 766,1478 803,1478 841,1479 878,1479 916,1480 954,1480"/>
                <TextEquiv>
                    <Unicode>den beiden eingeschlossenen Klängen</Unicode>
                </TextEquiv>
            </TextLine>
            <TextEquiv>
                <Unicode>Wir lernen aber hier noch mehr: Wir hatten gefunden,&#13;
dass der Dominantseptimenaccord e — g — a — cis} und der&#13;
Regnantseptimenaccord es{ — g — a — c der erstere sowohl&#13;
nach d+, als auch nach a}0 letzterer sowohl nach d0 als auch&#13;
nach g+ aufgelöst werden könne, dass alsdann aber die Sep¬&#13;
time g, resp. a eine Umdeutung erlitt in d0 resp. d+.&#13;
Einen Beleg fanden wir dafür in der Natur der Nonenac¬&#13;
corde. — Hier im Accorde es{ — g — a — cis} können g&#13;
und a nicht mehr die Klänge d}0 und d+ vertreten, weil die&#13;
selbstständige Bedeutung von g und a als g0 und a+ unter&#13;
allen Umständen durch die Terztöne es{ und cis} fixirt ist.&#13;
Die Deutung der Klänge ist eng, unzweideutig fest und be¬&#13;
stimmt, ebenso die Auflösung nach d+ oder d0, d. h. nach&#13;
den beiden eingeschlossenen Klängen</Unicode>
            </TextEquiv>
        </TextRegion>
        <MusicRegion id="Music_1621433096161_3266" custom="readingOrder {index:3;} structure {type:floating;}">
            <Coords points="198,1499 1439,1499 1439,1867 198,1867"/>
        </MusicRegion>
        <TextRegion orientation="0.0" id="TextRegion_1621433065800_3248" custom="readingOrder {index:4;} structure {type:paragraph-continued;}">
            <Coords points="198,1867 1439,1867 1439,2037 198,2037"/>
            <TextLine id="line_1621433176277_3323" custom="readingOrder {index:0;} textStyle {offset:16; length:2;italic:true; fontSize:0.0; kerning:0;} textStyle {offset:22; length:1;italic:true; fontSize:0.0; kerning:0;} textStyle {offset:26; length:1;italic:true; fontSize:0.0; kerning:0;} textStyle {offset:30; length:3;italic:true; fontSize:0.0; kerning:0;}">
                <Coords points="297,1932 1439,1922 1367,1875 1205,1903 1058,1867 297,1876"/>
                <Baseline points="305,1917 330,1917 355,1918 381,1918 406,1918 432,1918 457,1918 483,1917 508,1917 534,1917 559,1917 585,1918 610,1918 636,1919 665,1917 703,1916 741,1915 779,1915 818,1915 856,1915 894,1915 933,1916 971,1916 1009,1917 1048,1918 1086,1918 1124,1919 1162,1919 1201,1919 1239,1919 1277,1919 1316,1919 1354,1918 1392,1917 1431,1915"/>
                <TextEquiv>
                    <Unicode>Derselbe Accord es{ — g — a — cis} kann, ohne dass</Unicode>
                </TextEquiv>
            </TextLine>
            <TextLine id="r1l35" custom="readingOrder {index:1;} textStyle {offset:48; length:1;italic:true; fontSize:0.0; kerning:0;} textStyle {offset:50; length:1;fontSize:0.0; kerning:0; superscript:true;}">
                <Coords points="191,1996 1428,1988 1414,1946 191,1951"/>
                <Baseline points="199,1986 260,1986 321,1987 382,1987 443,1987 504,1988 565,1988 626,1988 687,1988 748,1988 810,1988 871,1988 932,1988 993,1988 1054,1987 1115,1987 1176,1987 1237,1987 1298,1987 1359,1986 1421,1986"/>
                <TextEquiv>
                    <Unicode>irgend ein Ton seine Stimmung ändert, auch nach b{+ auf¬</Unicode>
                </TextEquiv>
            </TextLine>
            <TextEquiv>
                <Unicode>Derselbe Accord es{ — g — a — cis} kann, ohne dass&#13;
irgend ein Ton seine Stimmung ändert, auch nach b{+ auf¬</Unicode>
            </TextEquiv>
        </TextRegion>
        <TextRegion orientation="0.0" type="footnote" id="TextRegion_1621433117322_3276" custom="readingOrder {index:5;} structure {type:footnote;}">
            <Coords points="198,2037 1439,2037 1439,2136 198,2136"/>
            <TextLine id="r1l36" custom="readingOrder {index:0;} textStyle {offset:14; length:9;fontSize:0.0; kerning:0; letterSpaced:true;}">
                <Coords points="301,2134 1184,2130 1184,2095 1127,2090 301,2093"/>
                <Baseline points="308,2119 351,2119 394,2120 438,2120 481,2120 525,2120 568,2121 611,2121 655,2121 698,2121 742,2121 785,2122 828,2122 872,2122 915,2122 959,2122 1002,2122 1045,2122 1089,2122 1132,2122 1176,2121"/>
                <TextEquiv>
                    <Unicode>1) Nämlich um Helmholtz’s Bezeichnung beizubehalten</Unicode>
                </TextEquiv>
            </TextLine>
            <TextEquiv>
                <Unicode>1) Nämlich um Helmholtz’s Bezeichnung beizubehalten</Unicode>
            </TextEquiv>
        </TextRegion>
        <GraphicRegion id="Graphic_1621433125559_3280" custom="readingOrder {index:6;} structure {type:floating;}">
            <Coords points="198,2136 1439,2136 1439,2273 198,2273"/>
        </GraphicRegion>
    </Page>
</PcGts>
