1502 2450
552 114 855 164 245
179 707 1322 752 Wir müssen hier dem mittleren Zusammenklange eine
62 771 1317 828 in Folge des dritten Accordes eintretende Umwandelung
62 826 964 881 seiner Klangbestimmung zusprechen:
182 1186 1318 1235 Es ist schwer zu entscheiden, ob die consonante oder
63 1244 1310 1298 die dissonante Deutung des Mittelaccordes vorwiegt, solange
73 1306 1310 1378 man mit der Folge nicht bekannt ist. Die Bedeutung h}0
68 1371 1311 1426 tritt vielleicht erst, nachdem h+ erklang, hervor. Ich er¬
71 1435 1311 1484 kläre mir zum Theil hiedurch die ganz andere Wirkung, die
70 1506 1312 1555 ein häufig vernommenes Tonstück hat. Im Hörer gehen
75 1555 1307 1603 zahlreich solche Umwandlungen vor sich, wenn er zur ein¬
69 1611 1308 1668 fachsten Deutung geneigt, durch den Fortgang zu jener
77 1675 1310 1724 Thätigkeit des Umwandelns gezwungen wird. Dieser Reiz
76 1731 1301 1795 geht zum Theil verloren, wenn das Gehör mit dem erfol¬
74 1795 1306 1851 genden Klange bereits bekannt ist; in anderen Fällen,
70 1851 1307 1900 in schwieriger Musik, entgeht man dieser Empfindung, der
74 1914 904 1962 Genuss kann dadurch gesteigert werden.
178 1987 1310 2035 Für den vorliegenden Fall können wir allgemein fol¬
69 2060 1312 2108 genden Satz aussprechen. Jeder consonante Dreiklang kann
70 2108 1311 2171 durch die Auflösung in eine Dissonanz verwandelt werden,
63 2164 1306 2220 und zwar wird der tonische Dreiklang eine Summe zweier
