<?xml version="1.0" encoding="UTF-8" standalone="yes"?>
<PcGts xmlns="http://schema.primaresearch.org/PAGE/gts/pagecontent/2013-07-15" xmlns:xsi="http://www.w3.org/2001/XMLSchema-instance" xsi:schemaLocation="http://schema.primaresearch.org/PAGE/gts/pagecontent/2013-07-15 http://schema.primaresearch.org/PAGE/gts/pagecontent/2013-07-15/pagecontent.xsd">
    <Metadata>
        <Creator>prov=University of Rostock/Institute of Mathematics/CITlab|PLANET AI GmbH/Gundram Leifert/gundram.leifert@planet-ai.de:name=ONB_Newseye_GT_M1+(htr_id=10810)::::v=2.6.7
prov=University of Rostock/Institute of Mathematics/CITlab|PLANET AI GmbH/Tobias Gruening/tobias.gruening@planet-ai.de:name=de.uros.citlab.module.baseline2polygon.B2PSeamMultiOriented:v=2.6.7
prov=University of Rostock/Institute of Mathematics/CITlab|PLANET AI GmbH/Tobias Gruening/tobias.gruening@planet-ai.de:name=/net_tf/LA73_249_0mod360.pb:de.uros.citlab.segmentation.CITlab_LA_ML:v=2.6.7
Transkribus</Creator>
        <Created>2021-03-18T14:22:15.685+01:00</Created>
        <LastChange>2021-06-11T11:49:47.449+02:00</LastChange>
        <TranskribusMetadata docId="634080" pageId="24814744" pageNr="236" tsid="58946559" status="DONE" userId="74363" imgUrl="https://files.transkribus.eu/Get?id=TQDRNKTUMLFPMQDTWQZKFPWO&amp;fileType=view" xmlUrl="https://files.transkribus.eu/Get?id=IGIIUPPTCGWUQXQNSNUZZXXT" imageId="19136143"/>
    </Metadata>
    <Page imageFilename="Oettingen_Harmoniesystem_in_dualer_Entwickelung-0245.jpg" imageWidth="1502" imageHeight="2450" type="content">
        <ReadingOrder>
            <OrderedGroup id="ro_1624195890444" caption="Regions reading order">
                <RegionRefIndexed index="0" regionRef="TextRegion_1621286127931_410"/>
                <RegionRefIndexed index="1" regionRef="TextRegion_1621286127931_409"/>
                <RegionRefIndexed index="2" regionRef="TextRegion_1621286125576_405"/>
                <RegionRefIndexed index="3" regionRef="TextRegion_1621286121541_401"/>
                <RegionRefIndexed index="4" regionRef="TextRegion_1621286119607_397"/>
            </OrderedGroup>
        </ReadingOrder>
        <TextRegion orientation="0.0" type="page-number" id="TextRegion_1621286127931_410" custom="readingOrder {index:0;} structure {type:page-number;}">
            <Coords points="201,131 1437,131 1437,217 201,217"/>
            <TextLine id="r1l1" custom="readingOrder {index:0;}">
                <Coords points="670,172 761,174 775,188 847,187 877,156 894,171 940,171 940,143 902,147 885,130 782,131 760,147 670,149"/>
                <Baseline points="677,163 702,168 728,172 753,173 779,174 804,174 830,172 855,171 881,168 906,167 932,164"/>
                <TextEquiv>
                    <Unicode>226</Unicode>
                </TextEquiv>
            </TextLine>
            <TextEquiv>
                <Unicode>226</Unicode>
            </TextEquiv>
        </TextRegion>
        <TextRegion orientation="0.0" type="paragraph" id="TextRegion_1621286127931_409" custom="readingOrder {index:1;} structure {type:paragraph;}">
            <Coords points="201,217 1437,217 1437,1615 201,1615"/>
            <TextLine id="r1l2" custom="readingOrder {index:0;} textStyle {offset:15; length:1;italic:true; fontSize:0.0; kerning:0;} textStyle {offset:19; length:1;italic:true; fontSize:0.0; kerning:0;} textStyle {offset:24; length:1;italic:true; fontSize:0.0; kerning:0;} textStyle {offset:29; length:1;italic:true; fontSize:0.0; kerning:0;} textStyle {offset:34; length:1;italic:true; fontSize:0.0; kerning:0;} textStyle {offset:38; length:1;italic:true; fontSize:0.0; kerning:0;}">
                <Coords points="193,279 1414,286 1414,244 1327,235 193,240"/>
                <Baseline points="201,274 261,273 321,273 381,273 442,273 502,273 562,273 623,273 683,274 743,274 804,274 864,275 924,275 984,275 1045,276 1105,276 1165,276 1226,276 1286,276 1346,276 1407,275"/>
                <TextEquiv>
                    <Unicode>Uebergange von c — e} — g in a} — c — e} der Septimen¬</Unicode>
                </TextEquiv>
            </TextLine>
            <TextLine id="r1l3" custom="readingOrder {index:1;} textStyle {offset:7; length:1;italic:true; fontSize:0.0; kerning:0;} textStyle {offset:12; length:1;italic:true; fontSize:0.0; kerning:0;} textStyle {offset:16; length:1;italic:true; fontSize:0.0; kerning:0;} textStyle {offset:21; length:1;italic:true; fontSize:0.0; kerning:0;}">
                <Coords points="206,352 1428,346 1285,307 206,316"/>
                <Baseline points="214,346 274,344 334,342 394,342 455,341 515,341 575,341 636,341 696,342 756,342 817,343 877,344 937,344 997,345 1058,346 1118,346 1178,346 1239,346 1299,345 1359,344 1420,343"/>
                <TextEquiv>
                    <Unicode>accord a} — c — e} — g. — Wenn nun vorhin, im Zusam¬</Unicode>
                </TextEquiv>
            </TextLine>
            <TextLine id="r1l4" custom="readingOrder {index:2;} textStyle {offset:10; length:1;italic:true; fontSize:0.0; kerning:0;} textStyle {offset:14; length:1;italic:true; fontSize:0.0; kerning:0;} textStyle {offset:18; length:1;italic:true; fontSize:0.0; kerning:0;}">
                <Coords points="198,419 1432,410 1375,363 198,379"/>
                <Baseline points="206,404 266,403 327,402 388,402 449,402 510,402 571,402 632,403 693,403 754,404 815,404 875,405 936,406 997,406 1058,406 1119,407 1180,407 1241,406 1302,406 1363,405 1424,403"/>
                <TextEquiv>
                    <Unicode>menklange g — c — d der Sinn der Dissonanz darin be¬</Unicode>
                </TextEquiv>
            </TextLine>
            <TextLine id="r1l5" custom="readingOrder {index:3;} textStyle {offset:12; length:1;italic:true; fontSize:0.0; kerning:0;}">
                <Coords points="198,475 1431,474 1431,425 198,436"/>
                <Baseline points="205,465 269,465 333,465 397,465 461,465 525,465 589,465 654,465 718,465 782,465 846,465 910,465 974,466 1039,466 1103,466 1167,466 1231,466 1295,466 1359,465 1424,465"/>
                <TextEquiv>
                    <Unicode>stand, dass g gleichzeitig zu Grundton und Quint bestimmt</Unicode>
                </TextEquiv>
            </TextLine>
            <TextLine id="r1l6" custom="readingOrder {index:4;}">
                <Coords points="205,540 1397,540 1429,482 205,500"/>
                <Baseline points="213,526 273,525 333,525 394,524 454,524 515,524 575,524 635,525 696,525 756,526 817,526 877,526 937,527 998,527 1058,527 1119,527 1179,527 1239,527 1300,526 1360,525 1421,524"/>
                <TextEquiv>
                    <Unicode>sei, so wird er hier der sein, dass „das mittlere Intervall</Unicode>
                </TextEquiv>
            </TextLine>
            <TextLine id="line_1621286165661_437" custom="readingOrder {index:5;} textStyle {offset:22; length:1;italic:true; fontSize:0.0; kerning:0;} textStyle {offset:26; length:1;italic:true; fontSize:0.0; kerning:0;} textStyle {offset:40; length:1;italic:true; fontSize:0.0; kerning:0;} textStyle {offset:45; length:1;italic:true; fontSize:0.0; kerning:0;} textStyle {offset:49; length:1;italic:true; fontSize:0.0; kerning:0;} textStyle {offset:54; length:1;italic:true; fontSize:0.0; kerning:0;}">
                <Coords points="198,604 1430,609 1416,563 198,562"/>
                <Baseline points="205,594 262,594 320,593 377,593 435,593 492,593 550,593 607,593 665,593 722,593 780,593 837,594 895,594 952,594 1010,594 1067,593 1125,593 1182,593 1240,592 1297,591 1355,590 1386,602 1422,602"/>
                <TextEquiv>
                    <Unicode>des Septimenaccordes, c — e} im Accorde a} — c — e} — g,</Unicode>
                </TextEquiv>
            </TextLine>
            <TextLine id="line_1621286170475_445" custom="readingOrder {index:6;} textStyle {offset:5; length:1;italic:true; fontSize:0.0; kerning:0;} textStyle {offset:10; length:1;italic:true; fontSize:0.0; kerning:0;} textStyle {offset:23; length:1;italic:true; fontSize:0.0; kerning:0;} textStyle {offset:27; length:1;italic:true; fontSize:0.0; kerning:0;} textStyle {offset:32; length:1;italic:true; fontSize:0.0; kerning:0;} textStyle {offset:36; length:1;italic:true; fontSize:0.0; kerning:0;}">
                <Coords points="198,675 1428,676 1391,619 1251,648 1150,611 1079,643 198,636"/>
                <Baseline points="206,664 242,663 279,662 316,661 353,661 390,661 427,661 463,661 500,661 537,661 574,662 611,662 648,662 685,662 721,661 758,661 795,660 832,659 869,658 906,656 943,654 973,665 999,663 1025,662 1052,661 1078,661 1104,661 1131,661 1157,661 1183,662 1210,663 1236,663 1262,664 1289,664 1315,664 1341,664 1368,664 1394,663 1421,661"/>
                <TextEquiv>
                    <Unicode>oder e} — g im Accorde c — e} — g — h}, die doppelte</Unicode>
                </TextEquiv>
            </TextLine>
            <TextLine id="r1l11" custom="readingOrder {index:7;}">
                <Coords points="201,732 1425,723 1425,694 1298,683 201,683"/>
                <Baseline points="208,718 268,719 329,719 389,719 450,720 510,720 571,721 631,721 692,721 752,722 813,722 873,722 934,722 994,723 1055,723 1115,722 1176,722 1236,722 1297,722 1357,721 1418,721"/>
                <TextEquiv>
                    <Unicode>Bestimmung habe, verschiedenen Dreiklängen gleichzeitig an¬</Unicode>
                </TextEquiv>
            </TextLine>
            <TextLine id="r1l12" custom="readingOrder {index:8;}">
                <Coords points="202,797 1400,804 1423,755 202,756"/>
                <Baseline points="210,784 270,783 330,783 390,782 451,782 511,782 571,782 632,782 692,782 752,782 813,782 873,782 933,782 993,783 1054,783 1114,783 1174,783 1235,782 1295,782 1355,781 1416,781"/>
                <TextEquiv>
                    <Unicode>zugehören und zwar, wie von selbst erfolgt, jedem Dreiklange</Unicode>
                </TextEquiv>
            </TextLine>
            <TextLine id="r1l13" custom="readingOrder {index:9;} textStyle {offset:34; length:1;italic:true; fontSize:0.0; kerning:0;} textStyle {offset:38; length:1;italic:true; fontSize:0.0; kerning:0;} textStyle {offset:44; length:1;italic:true; fontSize:0.0; kerning:0;}">
                <Coords points="201,868 1416,867 1416,816 1344,811 201,811"/>
                <Baseline points="209,852 269,851 329,851 389,850 449,850 509,849 569,849 629,849 689,849 749,849 809,849 869,850 929,850 989,850 1049,850 1109,850 1169,850 1229,850 1289,851 1349,851 1409,851"/>
                <TextEquiv>
                    <Unicode>in anderer Bedeutung; denn es ist c — e} im c-dur-Dreiklange</Unicode>
                </TextEquiv>
            </TextLine>
            <TextLine id="r1l14" custom="readingOrder {index:10;} textStyle {offset:22; length:1;italic:true; fontSize:0.0; kerning:0;}">
                <Coords points="204,931 1417,920 1417,883 204,882"/>
                <Baseline points="212,919 271,919 331,918 391,918 451,918 511,918 571,918 631,918 691,918 751,918 811,918 870,918 930,918 990,919 1050,919 1110,919 1170,919 1230,919 1290,919 1350,919 1410,919"/>
                <TextEquiv>
                    <Unicode>Grundton und Terz, im a}-moll-Dreiklange Terz und Quint.”</Unicode>
                </TextEquiv>
            </TextLine>
            <TextLine id="r1l15" custom="readingOrder {index:11;}">
                <Coords points="206,980 1236,1003 1425,987 1426,947 206,960"/>
                <Baseline points="214,969 356,977 412,976 468,976 524,976 580,976 636,976 691,976 747,977 803,977 859,977 915,978 971,978 1027,979 1082,979 1138,979 1194,979 1250,979 1306,979 1362,979 1418,978"/>
                <TextEquiv>
                    <Unicode>— Nach unserer Darstellung müsste es heissen, dass im</Unicode>
                </TextEquiv>
            </TextLine>
            <TextLine id="r1l16" custom="readingOrder {index:12;} textStyle {offset:14; length:1;italic:true; fontSize:0.0; kerning:0;} textStyle {offset:20; length:1;italic:true; fontSize:0.0; kerning:0;}">
                <Coords points="201,1060 1433,1058 1389,1012 201,1020"/>
                <Baseline points="209,1047 269,1047 330,1047 391,1046 452,1046 513,1046 574,1046 634,1047 695,1047 756,1047 817,1047 878,1047 939,1047 1000,1048 1060,1048 1121,1048 1182,1048 1243,1048 1304,1048 1365,1048 1426,1048"/>
                <TextEquiv>
                    <Unicode>ersten Accord c und e} tonischer Grundton und Terz, im</Unicode>
                </TextEquiv>
            </TextLine>
            <TextLine id="r1l17" custom="readingOrder {index:13;} textStyle {offset:8; length:1;italic:true; fontSize:0.0; kerning:0;} textStyle {offset:14; length:1;italic:true; fontSize:0.0; kerning:0;}">
                <Coords points="201,1131 1433,1120 1367,1076 201,1091"/>
                <Baseline points="209,1117 269,1116 330,1115 391,1115 452,1114 513,1114 574,1114 634,1114 695,1114 756,1115 817,1115 878,1115 939,1116 1000,1116 1060,1116 1121,1116 1182,1116 1243,1116 1304,1115 1365,1114 1426,1113"/>
                <TextEquiv>
                    <Unicode>zweiten c und e} Terz und phonischer Oberton, sei. Diese</Unicode>
                </TextEquiv>
            </TextLine>
            <TextLine id="r1l18" custom="readingOrder {index:14;}">
                <Coords points="206,1188 1427,1185 1402,1139 206,1140"/>
                <Baseline points="213,1177 273,1176 333,1175 394,1174 454,1174 514,1174 575,1174 635,1174 695,1174 756,1174 816,1174 876,1174 937,1175 997,1175 1057,1175 1118,1175 1178,1175 1238,1175 1299,1175 1359,1175 1420,1175"/>
                <TextEquiv>
                    <Unicode>Umdeutung der Klangbestandtheile würde, auch wenn wir</Unicode>
                </TextEquiv>
            </TextLine>
            <TextLine id="r1l19" custom="readingOrder {index:15;} textStyle {offset:4; length:9;fontSize:0.0; kerning:0; letterSpaced:true;}">
                <Coords points="201,1247 1428,1243 1414,1203 1294,1196 201,1204"/>
                <Baseline points="209,1236 269,1236 330,1235 390,1235 451,1235 511,1234 572,1234 632,1234 693,1233 753,1233 814,1233 875,1233 935,1233 996,1233 1056,1233 1117,1234 1177,1234 1238,1234 1298,1235 1359,1235 1420,1236"/>
                <TextEquiv>
                    <Unicode>der Hauptmannschen Auffassung beipflichten könnten, zu</Unicode>
                </TextEquiv>
            </TextLine>
            <TextLine id="r1l20" custom="readingOrder {index:16;}">
                <Coords points="202,1307 1432,1308 1432,1267 1316,1250 202,1267"/>
                <Baseline points="209,1296 269,1296 330,1295 391,1295 452,1294 513,1294 573,1294 634,1294 695,1293 756,1293 817,1293 877,1293 938,1294 999,1294 1060,1294 1121,1294 1181,1294 1242,1294 1303,1295 1364,1295 1425,1295"/>
                <TextEquiv>
                    <Unicode>neuen Resultaten führen, zu einem symmetrischen Gegensatz</Unicode>
                </TextEquiv>
            </TextLine>
            <TextLine id="r1l21" custom="readingOrder {index:17;} textStyle {offset:50; length:6;fontSize:0.0; kerning:0; letterSpaced:true;}">
                <Coords points="203,1367 1380,1373 1426,1325 203,1326"/>
                <Baseline points="211,1355 271,1354 331,1354 392,1354 452,1353 512,1353 573,1353 633,1353 693,1353 754,1353 814,1352 874,1352 935,1352 995,1353 1055,1353 1116,1353 1176,1353 1236,1353 1297,1354 1357,1354 1418,1355"/>
                <TextEquiv>
                    <Unicode>aller Dissonanzen nebst ihren Auflösungen. — Nach Haupt¬</Unicode>
                </TextEquiv>
            </TextLine>
            <TextLine id="r1l22" custom="readingOrder {index:18;} textStyle {offset:0; length:4;fontSize:0.0; kerning:0; letterSpaced:true;}">
                <Coords points="202,1427 1434,1424 1386,1371 202,1387"/>
                <Baseline points="210,1413 270,1414 331,1414 392,1414 453,1414 514,1414 574,1414 635,1414 696,1414 757,1414 818,1415 878,1415 939,1415 1000,1415 1061,1415 1122,1415 1182,1415 1243,1415 1304,1414 1365,1414 1426,1414"/>
                <TextEquiv>
                    <Unicode>mann ist also (§ 112): „in der Dissonanz des Vorhaltes die</Unicode>
                </TextEquiv>
            </TextLine>
            <TextLine id="r1l23" custom="readingOrder {index:19;} textStyle {offset:47; length:4;fontSize:0.0; kerning:0; letterSpaced:true;}">
                <Coords points="199,1483 1439,1475 1350,1435 200,1437"/>
                <Baseline points="207,1472 268,1472 329,1472 390,1472 452,1472 513,1472 574,1472 635,1472 697,1473 758,1473 819,1473 880,1473 942,1473 1003,1473 1064,1474 1125,1474 1187,1474 1248,1474 1309,1474 1370,1474 1432,1474"/>
                <TextEquiv>
                    <Unicode>Zweiheitsbedeutung in einem doppelt bestimmten Tone</Unicode>
                </TextEquiv>
            </TextLine>
            <TextLine id="r1l24" custom="readingOrder {index:20;}">
                <Coords points="202,1541 1440,1538 1399,1493 202,1509"/>
                <Baseline points="210,1535 271,1534 332,1533 393,1532 454,1532 515,1532 576,1532 638,1532 699,1532 760,1533 821,1533 882,1534 943,1534 1004,1534 1066,1535 1127,1535 1188,1535 1249,1535 1310,1535 1371,1535 1433,1534"/>
                <TextEquiv>
                    <Unicode>enthalten, — in der Dissonanz des Septimenaccordes in</Unicode>
                </TextEquiv>
            </TextLine>
            <TextLine id="r1l25" custom="readingOrder {index:21;} textStyle {offset:25; length:10;fontSize:0.0; kerning:0; letterSpaced:true;}">
                <Coords points="206,1604 1020,1603 1020,1568 966,1554 767,1555 747,1575 206,1563"/>
                <Baseline points="214,1595 253,1595 293,1594 333,1593 373,1593 413,1592 453,1592 493,1592 533,1592 573,1592 613,1592 652,1592 692,1592 732,1593 772,1593 812,1593 852,1594 892,1594 932,1594 972,1595 1012,1595"/>
                <TextEquiv>
                    <Unicode>einem doppelt bestimmten Intervalle.</Unicode>
                </TextEquiv>
            </TextLine>
            <TextEquiv>
                <Unicode>Uebergange von c — e} — g in a} — c — e} der Septimen¬&#13;
accord a} — c — e} — g. — Wenn nun vorhin, im Zusam¬&#13;
menklange g — c — d der Sinn der Dissonanz darin be¬&#13;
stand, dass g gleichzeitig zu Grundton und Quint bestimmt&#13;
sei, so wird er hier der sein, dass „das mittlere Intervall&#13;
des Septimenaccordes, c — e} im Accorde a} — c — e} — g,&#13;
oder e} — g im Accorde c — e} — g — h}, die doppelte&#13;
Bestimmung habe, verschiedenen Dreiklängen gleichzeitig an¬&#13;
zugehören und zwar, wie von selbst erfolgt, jedem Dreiklange&#13;
in anderer Bedeutung; denn es ist c — e} im c-dur-Dreiklange&#13;
Grundton und Terz, im a}-moll-Dreiklange Terz und Quint.”&#13;
— Nach unserer Darstellung müsste es heissen, dass im&#13;
ersten Accord c und e} tonischer Grundton und Terz, im&#13;
zweiten c und e} Terz und phonischer Oberton, sei. Diese&#13;
Umdeutung der Klangbestandtheile würde, auch wenn wir&#13;
der Hauptmannschen Auffassung beipflichten könnten, zu&#13;
neuen Resultaten führen, zu einem symmetrischen Gegensatz&#13;
aller Dissonanzen nebst ihren Auflösungen. — Nach Haupt¬&#13;
mann ist also (§ 112): „in der Dissonanz des Vorhaltes die&#13;
Zweiheitsbedeutung in einem doppelt bestimmten Tone&#13;
enthalten, — in der Dissonanz des Septimenaccordes in&#13;
einem doppelt bestimmten Intervalle.</Unicode>
            </TextEquiv>
        </TextRegion>
        <TextRegion orientation="0.0" type="paragraph" id="TextRegion_1621286125576_405" custom="readingOrder {index:2;} structure {type:paragraph;}">
            <Coords points="201,1615 1437,1615 1437,1850 201,1850"/>
            <TextLine id="r1l26" custom="readingOrder {index:0;}">
                <Coords points="301,1667 1348,1676 1440,1665 1441,1635 301,1615"/>
                <Baseline points="309,1654 365,1654 421,1653 477,1653 533,1653 590,1653 646,1653 702,1653 758,1653 814,1654 871,1654 927,1654 983,1654 1039,1655 1095,1655 1152,1655 1208,1655 1264,1655 1320,1655 1376,1655 1433,1655"/>
                <TextEquiv>
                    <Unicode>Schon bei der Klangfolge sahen wir uns veranlasst, von</Unicode>
                </TextEquiv>
            </TextLine>
            <TextLine id="r1l27" custom="readingOrder {index:1;}">
                <Coords points="203,1724 1440,1723 1403,1674 1085,1702 203,1676"/>
                <Baseline points="210,1714 271,1714 332,1713 393,1713 454,1713 515,1713 576,1713 637,1713 698,1713 759,1714 821,1714 882,1714 943,1714 1004,1715 1065,1715 1126,1715 1187,1715 1248,1715 1309,1715 1370,1714 1432,1714"/>
                <TextEquiv>
                    <Unicode>der Identität der Bestandtheile abzusehen, um lediglich die</Unicode>
                </TextEquiv>
            </TextLine>
            <TextLine id="r1l28" custom="readingOrder {index:2;}">
                <Coords points="211,1787 1424,1787 1434,1746 211,1732"/>
                <Baseline points="218,1771 278,1772 338,1772 399,1773 459,1773 520,1774 580,1774 640,1774 701,1775 761,1775 822,1775 882,1775 942,1775 1003,1776 1063,1776 1124,1775 1184,1775 1244,1775 1305,1775 1365,1774 1426,1774"/>
                <TextEquiv>
                    <Unicode>Klangvertretung ins Auge zu fassen. Ebenso werden wir</Unicode>
                </TextEquiv>
            </TextLine>
            <TextLine id="r1l29" custom="readingOrder {index:3;}">
                <Coords points="203,1843 287,1843 301,1830 318,1844 519,1842 519,1822 493,1803 375,1796 292,1808 203,1795"/>
                <Baseline points="210,1833 235,1833 260,1832 285,1832 310,1832 335,1832 361,1832 386,1832 411,1832 436,1833 461,1833 486,1834 512,1835"/>
                <TextEquiv>
                    <Unicode>hier verfahren.</Unicode>
                </TextEquiv>
            </TextLine>
            <TextEquiv>
                <Unicode>Schon bei der Klangfolge sahen wir uns veranlasst, von
der Identität der Bestandtheile abzusehen, um lediglich die
Klangvertretung ins Auge zu fassen. Ebenso werden wir
hier verfahren.</Unicode>
            </TextEquiv>
        </TextRegion>
        <TextRegion orientation="0.0" type="paragraph" id="TextRegion_1621286121541_401" custom="readingOrder {index:3;} structure {type:paragraph;}">
            <Coords points="201,1850 1437,1850 1437,2095 201,2095"/>
            <TextLine id="r1l30" custom="readingOrder {index:0;}">
                <Coords points="310,1908 1438,1902 1407,1851 1314,1880 1235,1851 977,1850 948,1880 903,1852 426,1878 310,1851"/>
                <Baseline points="318,1894 373,1894 429,1893 484,1893 540,1893 596,1893 651,1893 707,1893 762,1893 818,1893 874,1893 929,1893 985,1893 1040,1893 1096,1894 1152,1894 1207,1894 1263,1894 1318,1894 1374,1894 1430,1894"/>
                <TextEquiv>
                    <Unicode>Ganz analog seiner Theorie der Klangfolge theilt</Unicode>
                </TextEquiv>
            </TextLine>
            <TextLine id="r1l31" custom="readingOrder {index:1;} textStyle {offset:0; length:9;fontSize:0.0; kerning:0; letterSpaced:true;}">
                <Coords points="198,1962 1442,1954 1399,1916 198,1916"/>
                <Baseline points="206,1954 267,1953 328,1953 390,1953 451,1953 513,1953 574,1953 635,1953 697,1954 758,1954 820,1954 881,1954 942,1955 1004,1955 1065,1955 1127,1955 1188,1955 1249,1954 1311,1954 1372,1953 1434,1952"/>
                <TextEquiv>
                    <Unicode>Hauptmann die Auflösung der Septimenaccorde, nach rein</Unicode>
                </TextEquiv>
            </TextLine>
            <TextLine id="r1l32" custom="readingOrder {index:2;}">
                <Coords points="201,2025 1444,2013 1395,1970 1185,2003 1126,1970 1031,2002 991,1972 728,1972 688,2004 201,1983"/>
                <Baseline points="209,2013 270,2013 331,2013 393,2013 454,2014 516,2014 577,2014 638,2014 700,2015 761,2015 823,2015 884,2015 945,2015 1007,2015 1068,2015 1130,2015 1191,2015 1252,2014 1314,2014 1375,2013 1437,2012"/>
                <TextEquiv>
                    <Unicode>äusserlichen Momenten ein (§ 144) in solche, wo dieselbe</Unicode>
                </TextEquiv>
            </TextLine>
            <TextLine id="r1l33" custom="readingOrder {index:3;}">
                <Coords points="206,2083 407,2084 419,2072 431,2084 522,2082 522,2036 206,2044"/>
                <Baseline points="214,2070 239,2071 264,2072 289,2073 314,2073 339,2073 364,2073 389,2073 414,2072 439,2072 464,2072 489,2072 515,2072"/>
                <TextEquiv>
                    <Unicode>vermittelt wird</Unicode>
                </TextEquiv>
            </TextLine>
            <TextEquiv>
                <Unicode>Ganz analog seiner Theorie der Klangfolge theilt
Hauptmann die Auflösung der Septimenaccorde, nach rein
äusserlichen Momenten ein (§ 144) in solche, wo dieselbe
vermittelt wird</Unicode>
            </TextEquiv>
        </TextRegion>
        <TextRegion orientation="0.0" id="TextRegion_1621286119607_397" custom="readingOrder {index:4;} structure {type:list;}">
            <Coords points="201,2095 1437,2095 1437,2289 201,2289"/>
            <TextLine id="r1l34" custom="readingOrder {index:0;}">
                <Coords points="306,2146 988,2135 1088,2155 1088,2114 1031,2091 979,2109 306,2091"/>
                <Baseline points="313,2131 351,2132 389,2132 428,2133 466,2133 505,2133 543,2134 581,2134 620,2134 658,2134 697,2134 735,2134 773,2133 812,2133 850,2133 889,2133 927,2133 965,2133 1004,2132 1042,2132 1081,2132"/>
                <TextEquiv>
                    <Unicode>1) durch einen neu eintretenden Ton,</Unicode>
                </TextEquiv>
            </TextLine>
            <TextLine id="r1l35" custom="readingOrder {index:1;}">
                <Coords points="303,2203 1193,2210 1193,2172 1126,2156 626,2175 304,2155"/>
                <Baseline points="311,2188 354,2190 398,2191 442,2193 486,2194 529,2194 573,2194 617,2195 661,2195 704,2194 748,2194 792,2194 836,2194 879,2194 923,2194 967,2194 1011,2194 1054,2194 1098,2195 1142,2196 1186,2197"/>
                <TextEquiv>
                    <Unicode>2) durch einen der beiden mittleren Töne,</Unicode>
                </TextEquiv>
            </TextLine>
            <TextLine id="r1l36" custom="readingOrder {index:2;}">
                <Coords points="314,2271 352,2276 371,2258 403,2268 487,2268 498,2257 512,2268 632,2267 632,2236 584,2211 559,2212 543,2227 517,2216 497,2232 476,2210 445,2227 414,2226 393,2210 368,2225 350,2211 315,2212"/>
                <Baseline points="322,2248 347,2250 372,2252 397,2253 422,2254 447,2254 473,2255 498,2255 523,2255 548,2255 573,2255 598,2255 624,2255"/>
                <TextEquiv>
                    <Unicode>3) durch beide.</Unicode>
                </TextEquiv>
            </TextLine>
            <TextEquiv>
                <Unicode>1) durch einen neu eintretenden Ton,
2) durch einen der beiden mittleren Töne,
3) durch beide.</Unicode>
            </TextEquiv>
        </TextRegion>
    </Page>
</PcGts>
