1502 2450
557 130 840 187 277
188 235 1325 291 Daraus lässt sich schliessen, dass die chromatischen
87 298 1317 347 Töne für die tonische Cadenz desshalb unmittelbar ver¬
86 355 1321 410 ständlich erscheinen, weil wir an die Folge gewöhnt sind.
85 418 1326 476 Auch die letztere phonische Cadenz, missfällt immer weniger,
84 475 1320 540 je häufiger man sie spielt, namentlich werm man den Grund¬
88 539 437 597 bass a} verstärkt.
189 610 1332 660 Meinem Urtheile nach ist eine Cadenz sowohl tonisch
89 676 1331 723 als phonisch verständlich, wenn in c-dur der Ton d durch
91 730 1329 804 dis}} nach e}, und in phon. e}, d} durch des{ nach c führt, so¬
85 819 1330 867 bald man im ersten Falle die None a} über der Dominante
85 883 1328 947 g, im letztern die None g unter der Regnante a} hinzu¬
88 946 251 996 nimmt:
195 1683 1344 1731 Hier wird der Schlussaccord stets mit doppelter Terz
85 1747 1343 1796 auftreten. Die Klangbedeutung ist, wie ich meine, für die
85 1803 428 1860 letzten Accorde
191 2137 1329 2196 Den Character einer schwerverständlichen oder wenig¬
92 2205 1337 2252 stens stark diskordirenden Dissonanz wird solch reiches
