1502 2450
507 115 786 171 111
130 218 1257 284 Beethoven wäre nie auf den Gedanken gekommen,
41 275 1259 340 dieses Lied in h}-moll zu harmonisiren, weil die Ver¬
46 355 1267 416 wandlung des a} in ais}} unmöglich. Ich bemerke nur noch,
49 419 1261 483 dass das fis} in der Melodie weit höhere Bedeutung gewinnt,
45 483 1267 532 wenn es zur Phonica, also zum Schwerpunkt des ganzen
45 538 500 603 Systems gemacht wird.
131 601 1264 651 Fast ausnahmslos sind in dieser Weise sämmtliche
45 657 1256 723 schottische Lieder, (so auch „die holde Maid von Inverness”)
50 715 1259 771 behandelt. Um es kurz zusammenfassen: Der Leitton zur
58 778 1266 836 [Tonica] wird, auch wenn er kein Mal in der Melodie vor¬
49 834 1263 890 kommt, fortwährend gebraucht, und sobald die Melodie den
42 898 1271 947 Lichanos bringt, tritt eine Modulation in die tonische Pa¬
51 956 403 1010 ralleltonart ein. —
126 1019 1273 1067 Sowohl trübe, traurige Liedweisen, als auch martialische
56 1075 1270 1123 und kräftige Gesänge giebt es im phonischen Geschlecht.
42 1131 1259 1184 Dafür sind die sämmtlichen Beispiele nur ein geringer Be¬
55 1198 1260 1259 weis. — Noch in ganz anderer Richtung aber finden wir
49 1259 462 1315 analoge Verhältnisse.
130 1315 1274 1368 Die meisten Choräle waren ursprünglich Volkslieder.
45 1371 1266 1426 Auch hier nimmt man eine allmählige Umbildung wahr.
53 1435 1263 1493 Der Choral „O Haupt voll Blut und Wunden” ist von dem,
55 1492 1272 1540 um Wiederherstellung des ursprünglichen Rhytmus, hochver¬
54 1549 942 1604 dienten Layriz 1) folgendermaassen gesetzt:
155 1715 1273 1771 1) Fr. Layriz „Kern des deutschen Kirchengesanges. Nördlingen 1849.
54 1762 159 1804 Nr. 52
