1502 2450
794 115 938 165 26
209 211 1462 276 denn der mte und nte Oberton haben die Schwingungszahlen m
202 283 995 323 und n; der Differenzton ist = m — n.
306 331 1455 387 Ertönen statt zweier einfacher Töne zwei an Obertönen
206 395 1450 449 reiche Klänge, so entstehen zwischen je zwei Partialtönen des
207 455 1445 500 einen und des anderen Klanges Combinationstöne, die im All¬
214 515 1454 569 gemeinen in dem Maasse schwächer sein werden, als die
208 571 1445 622 Ordnungszahlen der Partialtöne grösser sind. Characteri¬
206 636 1455 684 stisch für einige Intervalle ist es, dass die Combinationstöne
210 693 1447 747 der Grundtöne mit den Bestandtheilen des Intervalles selbst
211 754 1448 803 übereinstimmen; so z. B. bei der Octave, der Terz, der
216 811 1446 868 Quinte. Bei andern ergänzt sich das Intervall durch den
214 870 1451 924 Combinationston zum Durdreiklang; so z. B. bei der klei¬
210 930 834 996 nen Sexte, kleinen Terz etc. —
322 995 1445 1052 Von den Combinationstönen ist die Erscheinung der
206 1050 1447 1107 Schwebungen zu trennen. Werden zwei Töne von nahe
209 1115 1447 1171 gleicher Tonhöhe vernommen, so bemerken wir, dass die In¬
211 1172 1441 1228 tensität in regelmässiger Folge bald stark, bald schwach ist.
208 1227 1443 1284 Diese Erscheinung beruht objectiv auf der Interferenz der
210 1291 1439 1339 schwingenden Bewegung, subjectiv, nach Helmholtz's Hypo¬
208 1355 1448 1402 these darauf, dass dieselben Fasern unseres Gehörorgans
209 1411 1435 1460 durch Töne verschiedener Höhe innerhalb gewisser Grän¬
215 1475 1446 1523 zen erregt werden können. „Die Zahl der Schwebungen in
206 1535 1449 1587 einer gegebenen Zeit ist gleich der Differenz der Anzahl
211 1590 1434 1639 der Schwingungen, welche beide Töne in derselben Zeit aus¬
206 1649 1444 1706 führen”. Die Anzahl kann eine sehr grosse werden bei
206 1708 1449 1763 kleinen Intervallen in höheren Octaven. Man unterscheidet
205 1770 1452 1820 alsdann nicht mehr einzelne Stösse, oder Schläge, sondern
213 1843 1019 1884 man empfindet ein lebhaftes Schwirren.
314 1891 1444 1939 Sehr wichtig ist der Nachweis, den Helmholtz dafür
215 1960 1442 2011 giebt, dass Combinationstöne und Schwebungen aus ganz ver¬
212 2012 1446 2067 schiedenen Ursachen entstehen, obgleich die Schwingungszahl
212 2068 1441 2124 der ersteren in allen Fällen eben so gross, wie die Anzahl
211 2131 586 2196 der Schwebungen.
