1502 2450
516 130 770 179 133
135 238 1271 292 „In der Molltonart wird die Modulation regelmässig
43 291 1262 340 nicht nach der Quint, sondern nach der verwandten Dur¬
48 347 1283 403 tonart ausgeführt. Die Molltonart hat keinen Fortgang, sie
43 411 1278 459 ist in sich selbst eingeschlossen und wird zuerst sich der
48 467 1266 524 beschränkenden Fesseln entledigen müssen im nächstver¬
50 531 1274 579 wandten Durtonsysteme (Paralleltonart), um zu einer Frei¬
49 587 1127 651 heit und Verwandtschaft mit Anderem zu gelangen”.
137 642 1277 700 Schon früher sind ebenso harte Urtheile gegen das Moll¬
42 707 780 770 geschlecht namhaft gemacht worden.
137 762 1270 819 Es bedarf nach Erörterung der tonisch-tonischen Modu¬
38 827 1277 876 lationen nicht mehr vieler Worte für die in Frage stehende
46 884 1277 948 phonisch-phonische. Das vollkommenste Gegenbild finden
42 947 224 996 wir hier.
142 1003 1273 1068 Von phon. e} aus kann nach phon. h} und nach phon. a}
47 1068 1277 1132 modulirt werden. So aber wie ton. f zu c, so ist phon. h}
49 1147 1277 1204 näher mit phon. e} verwandt, als mit der Tonart der Hauptseite
48 1218 1276 1274 phon. a}. So wie dort der c+-Klang selbst der Oberdomi¬
47 1282 1271 1340 nantklang von f war, so ist hier der e}0-Klang a — c — e
40 1348 764 1413 der Unterregnantklang zu phon. h}.
130 1412 1272 1466 Zwischen c und f war die Hauptabweichung in den
49 1483 1275 1531 Tönen h} und b, hier in f und fis}, dort also war die Ober-
43 1539 1268 1586 Septime der Oberdominante, hier die Unterseptime der Un¬
48 1603 1277 1651 terregnante der neu einzuführende Ton, der unmittelbar dort
49 1667 1278 1720 mit dem tonischen c-Klang, hier mit dem phon. e}-Klang ver¬
52 1731 475 1810 bunden werden kann:
42 2138 1279 2187 Beim Uebergange von c nach f verwandelte sich ausserdem
48 2203 1279 2259 noch die Stimmung des Tones d in d}, so auch hier in phon.
