1502 2450
632 107 710 165 53
39 219 1276 267 c — e} z. B. ebenso nah verwandt, ob ich sie von einer
51 274 1282 331 Violine angeben höre, oder ob ich mir die Töne blos vor¬
37 343 1282 387 stelle. Wir sagen desshalb allgemein: Der Verwandtschafts¬
49 395 1278 460 grad wird bestimmt durch diejenigen Ordnungszahlen der Par¬
39 451 1287 507 tialtöne eines gegebenen Intervalls, welche den ph. Ob. bilden
40 522 1282 564 oder, durch diejenigen Ordnungszahlen, welche dem Intervall in
45 572 1281 628 Beziehung auf den tonischen Grundton zukommen. Welche funk¬
49 634 1284 685 tionelle Beziehung zwischen den Ordnungszahlen der coïncidiren¬
37 691 1278 739 den Obertöne einerseits und dem Verwandtschaftsgrade andrer¬
48 754 1278 804 seits besteht, geht aus der Helmholtzschen Definition nicht her¬
50 811 1284 875 vor, dürfte aber auch sehr schwer zu finden sein 1). Es handelt
146 954 1278 996 1) Nur anmerkungsweise erlaube ich mir die Resultate einer Speculation mit¬
47 995 1278 1037 zutheilen, die mir noch zu wenig begründet, und in gewissem Sinne zu vage er¬
51 1049 1291 1091 scheint, um befriedigen zu können. Ich darf dieselbe nicht ganz mit Stillschweigen
53 1083 1285 1123 übergehen, weil ich hoffe, dass es vielleicht Anderen gelingen wird, auf diesem
51 1123 1280 1171 Wege zuverlässigere Gesichtspunkte zu finden, und weil der Gegenstand mir durch¬
50 1178 1279 1220 aus wichtig erscheint. Es handelt sich hier nicht etwa um den „Wohlklang” ei¬
53 1210 1276 1252 nes Intervalles, denn für ein bestimmtes Intervall kann der Wohlklang nicht con¬
52 1250 1286 1300 stant sein. Wohl aber ist das der Fall mit der harmonischen Bedeutung eines
51 1299 1283 1339 Intervalles, und diese letztere wird um so entschiedener sein, d. h. die tonische oder
53 1339 1285 1387 phonische Bedeutung wird um so klarer hervortreten, je grösser die Verwandt¬
52 1379 1284 1421 schaft. Wie finden wir aber ein Maass für die letztere? Das Moment der Coïn¬
50 1427 1282 1467 eidenz des tonischen Grundtons und phonischen Obertons mit den Intervallbestand¬
51 1467 1286 1507 theilen allein kann hier nicht entscheiden. Denn eine solche findet selbst bei sehr
54 1507 1286 1563 engen Intervallen statt wie z. B. bei 15:16 = h}:c oder 125:128 = gis}}:as{. Offenbar
49 1576 1286 1620 aber wird wohl die Entfernung des tonischen Grundtones oder des phonischen
55 1612 1289 1652 Obertones von den Intervallbestandtheilen von Einfluss sein. Am natürlichsten scheint
54 1660 1289 1697 es, das Product beider Schwingungszahlen als Maass anzunehmen, derart, dass je
56 1700 1279 1740 kleiner dasselbe, um so näher und stärker die Verwandtschaft. Diese Annahme
53 1740 1281 1780 findet darin ihre Begründung, dass die Stärke der Partialtöne in ihrer hypotheti¬
54 1779 1283 1823 schen oder ursprünglichen Erscheinung umgekehrt proportional ist der Ordnungs¬
57 1827 1283 1868 zahl. Je weiter der phon. Oberton abliegt, um so schwächer ertönt er, und ana¬
55 1859 1287 1907 log sagen wir weiter, um so viel schwerer ist es, diesen Ton als Bestandtheil jenes
53 1910 1290 1954 Grundtones zu erkennen. Das Maass der Verwandtschaft zweier Töne a und b
59 1956 1287 2027 (in ganzen Zahlen) wäre demnach $$MATH. Wir werden aber sogleich erkennen, dass
54 2035 1282 2088 diese Anschauung nur so lange gültig sein kann, als die Verwandtschaft eindeutig,
57 2082 1286 2123 als das Intervall ein consonantes ist. Wird sie mehrdeutig dadurch, dass
62 2122 1294 2163 neben der Verwandtschaft ersten Grades stärkere Beziehungen zweiten Grades
51 2189 1285 2235 herrschen, so ist jener Ausdruck $$MATH nicht mehr genügend. — Dieses findet allemal
