1502 2450
503 114 763 172 47
43 233 1273 284 e} — g ist = c+ und h}0, während der tonische Grund¬
52 290 1283 339 ton as{ in c — es{ — g nur virtuell existirt. Wenn er
43 370 1280 426 aber erklingt, so hören wir reell c — es{ — g als Bestand¬
51 427 1286 478 theil des Klanges as{. Solch eine Dualität der Accorde
50 491 1285 547 finden wir in allen Gebilden der Dur- und Molltonarten
45 554 1272 604 als vollkommen ausgebildeten, symmetrisch gestalteten Ge¬
49 626 1276 676 gensatz. Allerdings müssen letztere wesentlich anders, als
51 675 1207 723 in den modernen Theorieen üblich, aufgefasst werden 1).
153 731 1271 788 Vorher aber müssen wir noch nachträglich die toni¬
49 795 1278 844 schen und phonischen Eigenschaften der zweistimmigen In¬
46 851 641 899 tervalle kurz characterisiren.
188 963 1125 1020 5. Tonicität und Phonicität der Intervalle.
142 1052 1284 1098 Dem von Helmholtz entwickelten Prinzip von der Ver¬
54 1106 1274 1171 wandtschaft der Klänge, liegt, wie bereits erwähnt wurde,
53 1162 1280 1219 ein Moment psychologischer Thätigkeit zu Grunde: das der
49 1227 1271 1276 Erinnerung. Wenn ein Ton bald nach seinem Verschwin¬
57 1282 1280 1339 den von Neuem erklingt, so erkennt man ihn als denselben
54 1346 1278 1397 wieder. Wird statt eines einfachen Tones ein Klang ver¬
56 1411 1283 1459 nommen, so ist jeder Partialton des Klanges nachher ein im
58 1467 1287 1516 Gedächtniss vorhandener Ton. Verwandt werden endlich je
53 1514 1278 1580 zwei Klänge sein, die gemeinsame Partialtöne besitzen.
138 1699 1284 1740 1) Erst nachdem die letzte Zeile der vorliegenden Arbeit geschrieben, bin
54 1740 1279 1787 ich mit einer im Jahre 1852 erschienenen Schrift: „Der accordliche Gegensatz
59 1780 1280 1826 und die Begründung der Skala” von Otto Kraushaar bekannt geworden. In
56 1819 1279 1867 der Einleitung zu seiner Harmonik bespricht Hauptmann diese Schrift, und weist
56 1867 1273 1906 darauf hin, dass vor längeren Jahren Herr Kraushaar einen musikalisch-theore¬
58 1907 1273 1955 tischen Cursus bei ihm gehört, und in Folge dessen dasjenige, was in der Ent¬
59 1947 1276 1995 wickelung des Tonsystems mit Hauptmann übereinstimme, auch nur letzterem
62 1995 1274 2035 angehöre. Obgleich sehr kurz, so ist doch Kraushaar's Darstellung in einigen
56 2034 1279 2075 Punkten consequenter, als die Hauptmanns. Was aber die negativen Eigen¬
57 2074 1281 2123 schaften und die Klangbedeutung der Molldreiklänge betrifft, dürfte unzweifelhaft
53 2117 1282 2163 die Priorität Hauptmann, wenn nicht etwa Rameau gebühren. Ich behalte mir
64 2163 1279 2203 vor, später, bei der Construction der Tonleitern und der Cadenzen auf Kraus¬
53 2203 617 2260 haars Tonsystem zurück zu kommen.
