1502 2450
805 110 979 164 210
237 210 1451 277 klanges ansehen darf, ist nicht einzusehen 1). — Die abstei¬
240 291 1453 346 gende Molltonleiter (äolisch) hat a} — c — e} als Mittel¬
246 356 1462 411 punkt des Systemes, mithin einen e}-Klang, und mit diesem
242 412 1455 468 Ton begonnen, entsteht das dorische System der Griechen.
239 477 1463 547 Mit Unrecht hat man in diesem den Accorde e} — g — h}
243 552 1453 595 als Centrum angenommen, denn alsdann entstünde die Reihe
237 603 1458 659 h} bis h}, die allerdings unhaltbar. — Deshalb ist bisher das
245 667 1455 733 dorische Geschlecht verkannt, und, allerdings folgerichtig,
238 730 621 780 verworfen worden.
346 811 1453 860 Nach unserer Darstellung ist aber weder unser abstei¬
251 866 1452 924 gendes Mollgeschlecht noch das dorische der Griechen bei
243 927 1449 987 Seite gesetzt, sondern vielmehr die Identität beider nachge¬
243 988 1458 1034 wiesen. Dazu braucht die absteigende Moll-Leiter blos um
246 1051 1456 1114 eine Quinte versetzt, im dorischen Geschlecht aber erkannt
248 1107 1455 1170 zu werden, dass es eine rückgehende Generation besitzt, und
247 1163 1458 1228 e} — g — h} untergeordnete Bedeutung hat. Nehmen
253 1235 1448 1283 wir die Möglichkeit an, ein in c-dur gehendes Stück conse¬
251 1290 1458 1354 quent auf der Dominante g zu schliessen, so wird der
244 1353 1451 1404 Character der jonischen Tonart vertreten sein. Ebenso wird
249 1419 1457 1476 analog das im rein phonischen e}-System gehende Tonstück
244 1482 1452 1555 in dem Klange der Regnante schliessen dürfen (d} — f — a})
250 1554 1457 1603 und der eigenthümliche Character der aeolischen Leiter ist
239 1610 1448 1659 hiemit gewonnen. Alles was in diesen vermeintlich verschie¬
242 1675 1450 1724 denen 5 alten Tonarten geschrieben worden, lässt sich ent¬
245 1731 1448 1779 weder auf Modulation, wie z. B. bei willkührlichen Ver¬
245 1787 1450 1842 setzungszeichen, oder auf Schlüsse in den Quintklängen zu¬
351 1952 1458 1996 1) Man bemerke noch, dass die Mixolydische Leiter h} — h} auch dann
246 2004 1463 2044 leicht intonirt werden kann, wenn man von e} abwärts beginnt, immer aber das
253 2044 957 2107 phon. e}-System in der Vorstellung behält:
