1502 2450
708 115 922 171 82
304 217 1452 282 Die Verwandtschaft ersten Grades stellt uns, so lange
210 275 1443 347 wir sie als solche wahrzunehmen im Stande sind, nur con¬
209 346 1441 411 sonirende Klänge dar. Weil die vier letzten Accorde inner¬
209 394 1450 468 halb ihrer Systeme als dissonante auftreten, müssen wir die
208 466 1450 523 soeben ausgesprochene Deutung verwerfen. Wir bleiben
210 514 1448 586 zunächst bei den fünf consonanten Accord-Klängen jedes
210 571 1448 639 Geschlechts stehen, und werden im nächsten Abschnitt von
208 651 1443 701 diesen aus die Klangfolge und die Verwandtschaft mit an¬
217 699 799 762 deren Tonarten untersuchen.
204 821 1460 875 3. Historische Bemerkungen über das phonische Geschlecht.
313 882 1450 948 Nicht blos im Alterthum, sondern auch bis in die neue¬
208 950 1445 1005 ste Zeit hinein, nimmt das phonische Geschlecht bei denje¬
213 999 1461 1069 nigen Völkern, die einen homophonen Gesang besitzen, den
217 1068 1453 1124 ersten Rang ein. Nur aus der europäischen harmonischen Musik
210 1133 1443 1188 ist es verbannt worden, und zwar sowohl von Theoretikern,
210 1187 1452 1244 als auch von den Musikern, ja unter diesen ganz besonders auch
218 1252 1449 1303 von den Classikern. Ich will nur einige Bemerkungen hier¬
212 1306 1449 1364 über mir erlauben, und namentlich darauf hinweisen, dass
209 1354 1450 1415 schon von verschiedenen Seiten her der Versuch gemacht
217 1419 1451 1479 worden ist, auf die phonische Leiter zurück zu gehen.
226 1484 1449 1539 Wenigstens fehlt es nicht an der Erkenntniss, dass das Moll-
213 1548 1447 1596 Geschlecht schwankend ist, und nicht als Fundament der Har¬
215 1595 716 1668 monielehre gelten kann.
322 1659 1446 1716 Fortlage 1) sagt: „Nach einstimmigem Zeugniss er¬
220 1716 1452 1780 klärte das Alterthum die dorische Skala für das Fundament
217 1774 1456 1834 und das zum Grunde liegende Maass seiner Musik”. Aus
216 1849 1455 1891 der Notenschrift der Griechen geht hervor, dass sie diese Lei¬
220 1899 1456 1957 ter als eine absteigende darstellten, wie Boeckh, Fortlage
323 2036 1450 2090 1) Fortlage: „Das musikalische System der Griechen in seiner Urgestalt”.
219 2083 1446 2124 Leipzig 1847. pag 50 und 102. — So auch in H. Bellermann: „Der Contrapunkt”
224 2122 1447 2179 pag. 43, das Citat aus der Schrift des Joannes Bona: „De divina psalmodia”:
227 2169 1445 2215 „Primam sedem ordine et dignitate tenet Dorius. Hic a Platone et Aristotele cae¬
225 2210 1234 2251 teris omnibus praefertur”, desgl. Plutarch, de musica cap. XVII.
