1502 2450
691 107 938 164 260
278 211 602 275 Aber eindeutig
283 642 1427 698 Man sollte glauben, dass unserer Theorie gemäss die
185 711 1425 756 Auflösung ebenso verständlich bleiben müsse, wenn dem
185 762 1421 819 Accord a+ + d0 der zur Vervollständigung des d0 dienliche
184 819 1269 874 Ton d hinzugefügt werde. Allein in der Dissonanz
185 987 1411 1044 ist die Tonmasse wiederum so gross, dass auch andere Deu¬
186 1052 1414 1102 tungen Raum finden. Namentlich die Töne a und d könnten
182 1106 1419 1164 sowohl = d+ als = a0 gefasst werden, und bilden antinome
183 1171 1417 1219 Elemente der Nonenaccordes. Lösen wir den sechsstimmi¬
178 1236 1415 1291 gen Accord nach a0 auf, so sehen wir zwei gleichzeitig
180 1283 652 1340 ausgeführte Cadenzen:
279 1522 1416 1584 Das Beharren der Töne d und a giebt der Auflösung
179 1579 1422 1635 den Character eines doppelten Vorhaltes. Uebrigens kommt
176 1642 1386 1692 in der Musik die vorstehende Klangfolge nicht selten vor.
287 1716 1412 1771 Ganz dem letzten Beispiel entsprechend ist in einem
178 1783 1410 1835 irischen Liede: „Heimkehr nach Ulster” von Beethoven be¬
181 1836 922 1887 arbeitet, folgende Stelle zu deuten:
