1502 2450
635 131 830 190 117
166 235 1308 290 Ich möchte hier noch auf den Umstand aufmerksam
54 299 1304 349 machen, der schon vorhin (pag. 36) ausführlich erörtert
57 370 1296 420 wurde, — dass der tonische c-Klang zugleich ein rein pho¬
59 433 1297 491 nischer h}-Klang ist. Hören wir den reinen c-Durdreiklang,
62 483 1308 539 so werden von allen 3 Tönen sämmtliche Bestandtheile eines
56 547 1306 611 h}-Klanges gleichfalls unser Gehör wirklich afficiren, und
66 627 1296 676 wir vernehmen im Leitton h} dann einen bereits kräftig her¬
58 696 1312 749 vorgetretenen Bestandtheil des c-Klanges. Analog, nur eben
57 754 1313 810 umgekehrt, ist es beim absteigenden Leitton, a} — c — e} ist
59 824 1309 876 ein tonischer f-Klang, und wenn f intonirt worden ist, bleibt
58 882 1303 940 der ganze Accord a} — c — e} im Gehör in vollster Reinheit,
65 939 1315 996 alle einzelnen Töne sind Bestandtheile des f-Klanges. Den
65 1009 1313 1061 absteigenden Leitton, dessen Bedeutung für das phonische
68 1059 1316 1116 Geschlecht nicht geringer ist, als die des aufsteigenden fürs
57 1122 1306 1167 tonische, bespricht auch Helmholtz 1), indem er na¬
58 1179 1315 1235 mentlich die werthvollen Andeutungen aus dem Aristoteles
61 1243 1312 1291 heranzieht. Diesen zufolge kann nicht daran gezweifelt wer¬
61 1299 1310 1353 den, dass den Griechen nicht anders die Bedeutung dieser
68 1363 1313 1409 Tonstufe erschien, als uns. Helmholtz aber gestattet die¬
61 1421 1306 1484 ses absteigende Leittonverhältniss nur für das dorische (phon.)
66 1482 1310 1530 Geschlecht. In der c-molltonleiter nimmt er kein Leitton¬
59 1538 1309 1596 verhältniss zwischen g und as{ an, wohl aber zwischen d und
55 1618 1309 1660 es, und zwar dort, weil g näher zur Tonica, hier es{ näher
64 1686 1310 1739 mit derselben verwandt. Nach unserer Auffassung aber ist
65 1739 1298 1804 die c-molltonleiter von g zu beginnen, und gleich phon. g,
60 1794 1304 1849 daher as{ vollkommen absteigender Leitton zu g, als Unter¬
56 1868 1309 1916 terz der Regnante c, von d zu es{ erkennen wir dagegen ein
58 1931 1307 1987 untergeordnetes aufsteigendes Leittonverhältniss, ähnlich dem
168 2045 1305 2091 1) Helmholtz l. c. pag. 438 und 483. Beim Uebergange c — cis}} — d
64 2092 1307 2147 hält Helmholtz die Tonhöhe des Mitteltones für unbestimmbar. „Das cis}} hat
62 2148 1302 2188 keine harmonische oder modulatorische Bedeutung”. s. pag. 533. Ich kann der
63 2187 1297 2236 ganzen dort gegebenen Deduction über „Verwandtschaft durch Nachbarschaft der
62 2233 441 2275 Töne” nicht beistimmen.
