1502 2450
539 129 833 180 65
152 389 1302 444 Die erstere ist die Durtonleiter, die in entsprechender
68 452 1297 506 Weise von jeher dargestellt worden, die zweite dagegen ist
66 508 1286 564 die dorische Tonleiter der Griechen (phrygische Kirchenton¬
63 579 1302 628 art). — Keine der beiden Leitern ist symmetrisch in sich
57 641 1294 692 gestaltet, wohl aber ist die zweite der vollkommene Gegensatz
61 691 1289 747 der ersten. Da wir von c ausgehend, untere und obere Quinte
58 749 1300 799 in beiden Leitern gemeinsam annahmen, nun aber die Klänge
66 810 1296 861 einmal ganz und gar nach der Höhe, dann ganz und gar
60 875 1299 932 nach der Tiefe aufbauten, so wurde jeder Accord genau
62 924 1286 980 die Umkehrung des entsprechenden der anderen Leiter.
61 997 1291 1044 c = 1 gesetzt, werden die Schwingungsverhältnisse bei¬
65 1043 1293 1108 der Leitern sich durch reciproke Werthe darstellen lassen,
55 1107 1285 1165 und alle Intervalle, die in der einen Leiter vorkommen,
63 1163 1290 1219 werden wir symmetrisch gelegen in der anderen finden.
58 1225 1294 1276 Da bei tonischen und phonischen Dreiklängen die Intervalle
58 1284 1281 1348 nicht gleich, sondern symmetrisch zu einander geordnet sind,
58 1347 1289 1395 so werden alle tonischen Eigenschaften eines Zusammen¬
62 1403 1287 1458 klanges in einem der beiden Geschlechter sich stets ebenso
65 1473 1290 1523 gestalten, wie die phonischen Eigenschaften des anderen
64 1523 1294 1570 Geschlechtes, und umgekehrt. Beispielsweise wird der Zu¬
57 1600 1286 1644 sammenklang d f h} dieselbe Lage der tonischen Grundtöne
60 1651 1291 1699 zur Tonica c haben, wie die phonischen Obertöne des sym¬
60 1707 1282 1772 metrisch gelegenen Accordes des{ — g — b zum oberen c,
58 1779 1293 1826 der Phonica, und ebenso die phonischen Obertöne jenes
60 1837 1295 1892 Accordes dieselbe Lage, wie die tonischen Grundtöne des
54 1899 1293 1948 letzteren. Ein Blick auf die Schwingungsverhältnisse der
64 1955 1294 2011 Töne beider Leitern wird mit Rücksicht auf die Seite 36
58 2011 1292 2067 entwickelten Gesetze die Wahrheit dieser Behauptung be¬
67 2074 1303 2124 weisen. Nennen wir die erstere Leiter die tonisch-c
57 2130 1288 2181 oder c-dur-Leiter, die letztere die phonisch-c-Lei¬
62 2195 1290 2244 ter, und nehmen wir für die Schwingungszahlen der ersten
