1502 2450
403 779 978 860 Einleitung.
77 946 1308 1051 Seit der Begründung des Generalbasses durch Rameau,
76 1044 1312 1099 seit den Untersuchungen d'Alembert's über den Bau der
79 1107 1308 1158 Tonarten, und den Arbeiten Euler's über die Eigenschaften
70 1176 1314 1219 der Tonintervalle sind fast alljährlich neue Werke über die
77 1227 1312 1275 Theorie der Musik erschienen. Hierin liegt ein sprechendes
72 1282 1311 1338 Zeugniss dafür, dass die Harmonielehre keineswegs in ihrer
72 1347 1314 1396 Entwickelung einem Abschluss nahe, dass sie vielmehr fort
72 1413 1312 1460 und fort nach neuen Formen ringt. Mit Helmholtz's
71 1466 1314 1516 Forschungen ist aber die Theorie der Musik in ein ganz
76 1523 1320 1579 neues Stadium getreten. In seinem Werke „Die Lehre von
78 1586 1307 1635 den Tonempfindungen als physiologische Grund¬
74 1643 1304 1706 lage für die Theorie der Musik”, Braunschweig 1863,
73 1705 1312 1771 Zweite Ausgabe 1865, ist ein inniges Band um Kunst und
79 1763 621 1828 Wissenschaft geschlungen. —
177 1818 1316 1876 Die Elemente der Musik, die physikalischen Eigenschaf¬
72 1884 1310 1931 ten der Töne, die Partialtöne des Klanges, die Erschei¬
79 1947 1314 1997 nungen der Combinationstöne und Schwebungen, — sie waren
75 2004 1312 2052 zwar längst der Wissenschaft bekannt, sie standen aber als iso¬
75 2059 1316 2115 lirte Theoreme der Physik da. Ihre nahe Beziehung zur Har¬
77 2130 1327 2172 monie, zur Theorie der Consonanz und Dissonanz war von
83 2180 1325 2235 den grossen Vorkämpfern der Wissenschaft kaum mehr als
