<?xml version="1.0" encoding="UTF-8" standalone="yes"?>
<PcGts xmlns="http://schema.primaresearch.org/PAGE/gts/pagecontent/2013-07-15" xmlns:xsi="http://www.w3.org/2001/XMLSchema-instance" xsi:schemaLocation="http://schema.primaresearch.org/PAGE/gts/pagecontent/2013-07-15 http://schema.primaresearch.org/PAGE/gts/pagecontent/2013-07-15/pagecontent.xsd">
    <Metadata>
        <Creator>prov=University of Rostock/Institute of Mathematics/CITlab|PLANET AI GmbH/Gundram Leifert/gundram.leifert@planet-ai.de:name=ONB_Newseye_GT_M1+(htr_id=10810)::::v=2.6.7
prov=University of Rostock/Institute of Mathematics/CITlab|PLANET AI GmbH/Tobias Gruening/tobias.gruening@planet-ai.de:name=de.uros.citlab.module.baseline2polygon.B2PSeamMultiOriented:v=2.6.7
prov=University of Rostock/Institute of Mathematics/CITlab|PLANET AI GmbH/Tobias Gruening/tobias.gruening@planet-ai.de:name=/net_tf/LA73_249_0mod360.pb:de.uros.citlab.segmentation.CITlab_LA_ML:v=2.6.7
Transkribus</Creator>
        <Created>2021-03-18T14:22:14.999+01:00</Created>
        <LastChange>2021-05-26T02:02:13.179+02:00</LastChange>
        <TranskribusMetadata docId="634080" pageId="24814667" pageNr="216" tsid="58337274" status="DONE" userId="74363" imgUrl="https://files.transkribus.eu/Get?id=GKPQSRFYWJOLVBXOYQMSAYKP&amp;fileType=view" xmlUrl="https://files.transkribus.eu/Get?id=EPQUWZTOOPMMGTODHMGOSOQD" imageId="19136066"/>
    </Metadata>
    <Page imageFilename="Oettingen_Harmoniesystem_in_dualer_Entwickelung-0225.jpg" imageWidth="1502" imageHeight="2450" type="content">
        <ReadingOrder>
            <OrderedGroup id="ro_1624195887871" caption="Regions reading order">
                <RegionRefIndexed index="0" regionRef="TextRegion_1621265237559_5674"/>
                <RegionRefIndexed index="1" regionRef="TextRegion_1621265242838_5679"/>
                <RegionRefIndexed index="2" regionRef="TextRegion_1621265263142_5694"/>
                <RegionRefIndexed index="4" regionRef="TextRegion_1621265259804_5689"/>
            </OrderedGroup>
        </ReadingOrder>
        <TextRegion orientation="0.0" type="page-number" id="TextRegion_1621265237559_5674" custom="readingOrder {index:0;} structure {type:page-number;}">
            <Coords points="198,124 1428,124 1428,222 198,222"/>
            <TextLine id="r1l1" custom="readingOrder {index:0;}">
                <Coords points="776,174 865,171 881,153 911,164 949,164 951,137 885,141 856,122 774,125"/>
                <Baseline points="783,163 809,163 836,161 863,160 890,158 917,157 944,156"/>
                <TextEquiv>
                    <Unicode>206</Unicode>
                </TextEquiv>
            </TextLine>
            <TextEquiv>
                <Unicode>206</Unicode>
            </TextEquiv>
        </TextRegion>
        <TextRegion orientation="0.0" type="heading" id="TextRegion_1621265242838_5679" custom="readingOrder {index:1;} structure {type:heading;}">
            <Coords points="198,222 1428,222 1428,406 198,406"/>
            <TextLine id="r1l2" custom="readingOrder {index:0;} textStyle {offset:0; length:51;fontSize:0.0; kerning:0; bold:true;}">
                <Coords points="221,317 1399,317 1399,283 1345,276 221,280"/>
                <Baseline points="229,317 287,317 345,318 403,318 461,318 519,318 577,319 635,319 693,319 751,319 810,319 868,319 926,319 984,318 1042,318 1100,318 1158,318 1216,317 1274,317 1332,316 1391,316"/>
                <TextEquiv>
                    <Unicode>3. Die Klänge und Cadenzen der sechs haltbaren Ton¬</Unicode>
                </TextEquiv>
            </TextLine>
            <TextLine id="r1l3" custom="readingOrder {index:1;} textStyle {offset:0; length:13;fontSize:0.0; kerning:0; bold:true;}">
                <Coords points="689,403 719,403 744,386 961,392 961,351 908,350 892,339 877,345 860,333 843,348 793,331 758,347 689,347"/>
                <Baseline points="696,381 721,381 747,380 773,379 798,379 824,379 850,379 875,380 901,380 927,380 953,381"/>
                <TextEquiv>
                    <Unicode>geschlechter.</Unicode>
                </TextEquiv>
            </TextLine>
            <TextEquiv>
                <Unicode>3. Die Klänge und Cadenzen der sechs haltbaren Ton¬
geschlechter.</Unicode>
            </TextEquiv>
        </TextRegion>
        <TextRegion orientation="0.0" type="paragraph" id="TextRegion_1621265263142_5694" custom="readingOrder {index:2;} structure {type:paragraph;}">
            <Coords points="198,406 1428,406 1428,491 198,491"/>
            <TextLine id="r1l4" custom="readingOrder {index:0;}">
                <Coords points="307,462 1425,467 1425,430 307,420"/>
                <Baseline points="315,460 370,461 425,461 480,462 535,462 590,463 645,463 701,463 756,463 811,464 866,464 921,464 976,464 1031,464 1087,464 1142,464 1197,463 1252,463 1307,462 1362,462 1418,461"/>
                <TextEquiv>
                    <Unicode>Wir stellen die sechs noch übrigen Systeme zusammen:</Unicode>
                </TextEquiv>
            </TextLine>
            <TextEquiv>
                <Unicode>Wir stellen die sechs noch übrigen Systeme zusammen:</Unicode>
            </TextEquiv>
        </TextRegion>
        <GraphicRegion id="Graphic_1621265387951_5703" custom="readingOrder {index:3;} structure {type:floating;}">
            <Coords points="198,491 1428,491 1428,1025 198,1025"/>
        </GraphicRegion>
        <TextRegion orientation="0.0" type="paragraph" id="TextRegion_1621265259804_5689" custom="readingOrder {index:4;} structure {type:paragraph;}">
            <Coords points="198,1025 1428,1025 1428,2283 198,2283"/>
            <TextLine id="r1l18" custom="readingOrder {index:0;}">
                <Coords points="303,1076 1340,1083 1432,1066 1432,1031 303,1033"/>
                <Baseline points="311,1061 366,1061 422,1061 477,1061 533,1061 589,1061 644,1061 700,1061 756,1061 811,1061 867,1061 923,1061 978,1061 1034,1061 1090,1061 1145,1061 1201,1061 1257,1061 1312,1061 1368,1061 1424,1061"/>
                <TextEquiv>
                    <Unicode>Alle sechs Geschlechter haben ein festes Centrum; die</Unicode>
                </TextEquiv>
            </TextLine>
            <TextLine id="r1l19" custom="readingOrder {index:1;} textStyle {offset:22; length:1;italic:true; fontSize:0.0; kerning:0;} textStyle {offset:23; length:1;fontSize:0.0; kerning:0; superscript:true;} textStyle {offset:43; length:1;italic:true; fontSize:0.0; kerning:0;} textStyle {offset:44; length:1;fontSize:0.0; kerning:0; superscript:true;}">
                <Coords points="197,1131 1426,1131 1435,1093 197,1094"/>
                <Baseline points="205,1121 266,1120 327,1120 388,1120 449,1120 510,1120 571,1120 633,1120 694,1121 755,1121 816,1121 877,1121 938,1121 999,1122 1061,1122 1122,1122 1183,1122 1244,1121 1305,1121 1366,1121 1428,1120"/>
                <TextEquiv>
                    <Unicode>drei ersten den Klang d+, die drei letzten d0. Die letzten</Unicode>
                </TextEquiv>
            </TextLine>
            <TextLine id="r1l20" custom="readingOrder {index:2;}">
                <Coords points="210,1195 1434,1193 1416,1140 721,1169 210,1140"/>
                <Baseline points="217,1181 277,1181 337,1181 398,1181 458,1181 519,1181 579,1181 640,1181 700,1181 761,1181 821,1181 881,1181 942,1182 1002,1182 1063,1182 1123,1181 1184,1181 1244,1181 1305,1181 1365,1180 1426,1179"/>
                <TextEquiv>
                    <Unicode>Leitern sind nach unten zu (d. h. von rechts nach links)</Unicode>
                </TextEquiv>
            </TextLine>
            <TextLine id="r1l21" custom="readingOrder {index:3;}">
                <Coords points="206,1251 1432,1241 1432,1212 1280,1202 206,1202"/>
                <Baseline points="214,1242 274,1241 335,1241 395,1241 456,1241 516,1241 577,1241 637,1241 698,1241 758,1241 819,1241 879,1241 940,1241 1000,1241 1061,1241 1121,1241 1182,1241 1242,1241 1303,1240 1363,1240 1424,1239"/>
                <TextEquiv>
                    <Unicode>leichter zu intoniren. Sehen wir vorläufig von den dissonan¬</Unicode>
                </TextEquiv>
            </TextLine>
            <TextLine id="r1l22" custom="readingOrder {index:4;}">
                <Coords points="201,1313 1425,1300 1389,1258 201,1267"/>
                <Baseline points="209,1299 269,1299 329,1299 390,1299 450,1300 511,1300 571,1300 632,1301 692,1301 753,1301 813,1301 873,1302 934,1302 994,1302 1055,1302 1115,1302 1176,1301 1236,1301 1297,1301 1357,1300 1418,1299"/>
                <TextEquiv>
                    <Unicode>ten Gebilden ab, und suchen blos die characteristischen Ca¬</Unicode>
                </TextEquiv>
            </TextLine>
            <TextLine id="r1l23" custom="readingOrder {index:5;}">
                <Coords points="207,1371 1307,1380 1429,1371 1429,1323 207,1324"/>
                <Baseline points="215,1360 275,1360 335,1360 395,1360 456,1360 516,1360 576,1360 637,1360 697,1360 757,1361 818,1361 878,1361 938,1361 998,1361 1059,1361 1119,1361 1179,1361 1240,1361 1300,1361 1360,1361 1421,1360"/>
                <TextEquiv>
                    <Unicode>denzen festzustellen. Wir brauchen uns bei 1., und 6., nicht</Unicode>
                </TextEquiv>
            </TextLine>
            <TextLine id="r1l24" custom="readingOrder {index:6;}">
                <Coords points="201,1435 1434,1418 1376,1378 201,1395"/>
                <Baseline points="209,1421 269,1420 330,1420 391,1420 452,1420 513,1420 574,1420 634,1420 695,1420 756,1420 817,1420 878,1420 939,1420 1000,1420 1060,1420 1121,1420 1182,1420 1243,1419 1304,1419 1365,1418 1426,1417"/>
                <TextEquiv>
                    <Unicode>aufzuhalten, da wir dieselben ausführlich erörtert. Von be¬</Unicode>
                </TextEquiv>
            </TextLine>
            <TextLine id="r1l25" custom="readingOrder {index:7;}">
                <Coords points="207,1492 1428,1496 1406,1442 207,1453"/>
                <Baseline points="214,1477 274,1477 334,1478 394,1478 455,1478 515,1479 575,1479 636,1479 696,1480 756,1480 817,1480 877,1480 937,1481 997,1481 1058,1481 1118,1481 1178,1481 1239,1481 1299,1480 1359,1480 1420,1479"/>
                <TextEquiv>
                    <Unicode>sonderer Wichtigkeit aber sind nächstdem die Systeme 2.,</Unicode>
                </TextEquiv>
            </TextLine>
            <TextLine id="r1l26" custom="readingOrder {index:8;}">
                <Coords points="201,1547 1310,1556 1425,1511 201,1516"/>
                <Baseline points="209,1539 269,1539 329,1539 390,1539 450,1539 511,1539 571,1540 632,1540 692,1540 753,1541 813,1541 873,1541 934,1541 994,1541 1055,1541 1115,1540 1176,1540 1236,1539 1297,1539 1357,1537 1418,1536"/>
                <TextEquiv>
                    <Unicode>und 5., von welchen die letztere unter dem Namen der in¬</Unicode>
                </TextEquiv>
            </TextLine>
            <TextLine id="r1l27" custom="readingOrder {index:9;} textStyle {offset:13; length:1;italic:true; fontSize:0.0; kerning:0;}">
                <Coords points="201,1611 1432,1611 1409,1563 201,1570"/>
                <Baseline points="208,1597 268,1598 329,1598 390,1599 451,1599 512,1599 572,1600 633,1600 694,1600 755,1600 816,1600 876,1600 937,1600 998,1600 1059,1600 1120,1600 1180,1600 1241,1599 1302,1599 1363,1599 1424,1598"/>
                <TextEquiv>
                    <Unicode>strumentalen g-moll-Tonleiter bekannt ist. Wir nennen sie</Unicode>
                </TextEquiv>
            </TextLine>
            <TextLine id="r1l28" custom="readingOrder {index:10;} textStyle {offset:13; length:1;italic:true; fontSize:0.0; kerning:0;}">
                <Coords points="198,1666 1425,1667 1381,1619 198,1620"/>
                <Baseline points="205,1659 265,1659 326,1659 386,1658 447,1658 508,1658 568,1658 629,1658 690,1659 750,1659 811,1659 872,1659 932,1659 993,1659 1054,1659 1114,1659 1175,1659 1236,1659 1296,1659 1357,1659 1418,1658"/>
                <TextEquiv>
                    <Unicode>halbphonisch d. Vergleichen wir diese Geschlechter mit den</Unicode>
                </TextEquiv>
            </TextLine>
            <TextLine id="r1l29" custom="readingOrder {index:11;} textStyle {offset:55; length:6;fontSize:0.0; kerning:0; letterSpaced:true;}">
                <Coords points="203,1732 1430,1715 1357,1683 203,1691"/>
                <Baseline points="211,1717 271,1718 332,1718 392,1719 453,1719 513,1720 574,1720 634,1720 695,1721 755,1721 816,1721 877,1721 937,1721 998,1721 1058,1720 1119,1720 1179,1720 1240,1719 1300,1718 1361,1718 1422,1717"/>
                <TextEquiv>
                    <Unicode>rein gebildeten (unter 1., und 6.), so fehlt ihnen der unter¬</Unicode>
                </TextEquiv>
            </TextLine>
            <TextLine id="r1l30" custom="readingOrder {index:12;} textStyle {offset:0; length:9;fontSize:0.0; kerning:0; letterSpaced:true;} textStyle {offset:44; length:9;fontSize:0.0; kerning:0; letterSpaced:true;}">
                <Coords points="201,1803 1064,1804 1430,1787 1430,1748 201,1751"/>
                <Baseline points="209,1777 269,1778 330,1778 390,1778 451,1779 512,1779 572,1779 633,1780 694,1780 754,1780 815,1780 876,1780 936,1780 997,1780 1058,1780 1118,1780 1179,1780 1240,1780 1300,1779 1361,1779 1422,1778"/>
                <TextEquiv>
                    <Unicode>geordnete Quintklang, während der Klang der Dominante</Unicode>
                </TextEquiv>
            </TextLine>
            <TextLine id="r1l31" custom="readingOrder {index:13;} textStyle {offset:4; length:8;fontSize:0.0; kerning:0; letterSpaced:true;}">
                <Coords points="205,1851 1436,1844 1418,1803 205,1808"/>
                <Baseline points="212,1838 272,1838 333,1839 394,1839 455,1840 516,1840 576,1840 637,1840 698,1840 759,1841 820,1841 880,1840 941,1840 1002,1840 1063,1840 1124,1840 1184,1840 1245,1839 1306,1839 1367,1839 1428,1838"/>
                <TextEquiv>
                    <Unicode>und Regnante erhalten ist. Statt der verlorenen Quinte tritt</Unicode>
                </TextEquiv>
            </TextLine>
            <TextLine id="r1l32" custom="readingOrder {index:14;} textStyle {offset:4; length:20;fontSize:0.0; kerning:0; letterSpaced:true;} textStyle {offset:35; length:1;italic:true; fontSize:0.0; kerning:0;} textStyle {offset:36; length:1;fontSize:0.0; kerning:0; superscript:true;} textStyle {offset:43; length:1;italic:true; fontSize:0.0; kerning:0;} textStyle {offset:44; length:1;fontSize:0.0; kerning:0; superscript:true;}">
                <Coords points="207,1908 1430,1900 1430,1864 1327,1858 207,1859"/>
                <Baseline points="214,1898 274,1898 334,1898 395,1898 455,1898 516,1899 576,1899 636,1899 697,1900 757,1900 818,1900 878,1901 938,1901 999,1901 1059,1901 1120,1900 1180,1900 1240,1899 1301,1898 1361,1897 1422,1896"/>
                <TextEquiv>
                    <Unicode>der antinome Mittelklang ein, in 2:d0 in 3:d+. Ferner</Unicode>
                </TextEquiv>
            </TextLine>
            <TextLine id="r1l33" custom="readingOrder {index:15;} textStyle {offset:36; length:1;italic:true; fontSize:0.0; kerning:0;} textStyle {offset:38; length:1;italic:true; fontSize:0.0; kerning:0;} textStyle {offset:40; length:1;italic:true; fontSize:0.0; kerning:0;} textStyle {offset:47; length:1;italic:true; fontSize:0.0; kerning:0;} textStyle {offset:50; length:1;italic:true; fontSize:0.0; kerning:0;} textStyle {offset:52; length:1;italic:true; fontSize:0.0; kerning:0;}">
                <Coords points="198,1977 1246,1996 1411,1980 1428,1938 198,1939"/>
                <Baseline points="206,1966 266,1966 327,1967 388,1967 449,1968 509,1968 570,1968 631,1968 692,1969 752,1969 813,1969 874,1969 935,1969 995,1969 1056,1969 1117,1969 1178,1969 1238,1969 1299,1969 1360,1969 1421,1968"/>
                <TextEquiv>
                    <Unicode>sind die beiden dissonanten Gebilde e g h} und f{ a c der</Unicode>
                </TextEquiv>
            </TextLine>
            <TextLine id="r1l34" custom="readingOrder {index:16;} textStyle {offset:0; length:6;fontSize:0.0; kerning:0; letterSpaced:true;}">
                <Coords points="200,2045 1428,2043 1428,2010 1350,1996 200,2008"/>
                <Baseline points="208,2034 268,2034 329,2034 389,2035 450,2035 511,2036 571,2036 632,2036 693,2037 753,2037 814,2038 875,2038 935,2038 996,2038 1057,2038 1117,2038 1178,2038 1239,2037 1299,2037 1360,2036 1421,2035"/>
                <TextEquiv>
                    <Unicode>reinen Systeme verschwunden, und statt derselben verminderte</Unicode>
                </TextEquiv>
            </TextLine>
            <TextLine id="r1l35" custom="readingOrder {index:17;} textStyle {offset:11; length:5;italic:true; fontSize:0.0; kerning:0;} textStyle {offset:21; length:3;italic:true; fontSize:0.0; kerning:0;} textStyle {offset:26; length:3;italic:true; fontSize:0.0; kerning:0;}">
                <Coords points="193,2115 511,2140 568,2108 1426,2107 1397,2067 193,2072"/>
                <Baseline points="201,2105 261,2105 322,2105 383,2105 444,2105 505,2105 566,2105 626,2106 687,2106 748,2106 809,2107 870,2107 931,2107 992,2107 1052,2107 1113,2107 1174,2107 1235,2107 1296,2106 1357,2105 1418,2104"/>
                <TextEquiv>
                    <Unicode>Dreiklänge e g b und fis} a c gewonnen, die von allerhöch¬</Unicode>
                </TextEquiv>
            </TextLine>
            <TextLine id="r1l36" custom="readingOrder {index:18;}">
                <Coords points="195,2188 1427,2186 1427,2145 1326,2131 196,2143"/>
                <Baseline points="203,2172 263,2173 324,2173 385,2173 446,2174 507,2174 567,2175 628,2175 689,2176 750,2176 811,2177 871,2177 932,2177 993,2177 1054,2177 1115,2177 1175,2177 1236,2176 1297,2176 1358,2175 1419,2174"/>
                <TextEquiv>
                    <Unicode>stem Werth sind. Sie führen einmal zu den verminderten</Unicode>
                </TextEquiv>
            </TextLine>
            <TextLine id="r1l37" custom="readingOrder {index:19;}">
                <Coords points="190,2237 248,2260 269,2260 288,2243 566,2237 566,2208 502,2196 473,2205 207,2196 190,2205"/>
                <Baseline points="198,2236 223,2235 249,2235 275,2234 301,2234 326,2234 352,2234 378,2235 404,2235 430,2235 455,2235 481,2235 507,2235 533,2235 559,2233"/>
                <TextEquiv>
                    <Unicode>Septimenaccorden</Unicode>
                </TextEquiv>
            </TextLine>
            <TextEquiv>
                <Unicode>Alle sechs Geschlechter haben ein festes Centrum; die&#13;
drei ersten den Klang d+, die drei letzten d0. Die letzten&#13;
Leitern sind nach unten zu (d. h. von rechts nach links)&#13;
leichter zu intoniren. Sehen wir vorläufig von den dissonan¬&#13;
ten Gebilden ab, und suchen blos die characteristischen Ca¬&#13;
denzen festzustellen. Wir brauchen uns bei 1., und 6., nicht&#13;
aufzuhalten, da wir dieselben ausführlich erörtert. Von be¬&#13;
sonderer Wichtigkeit aber sind nächstdem die Systeme 2.,&#13;
und 5., von welchen die letztere unter dem Namen der in¬&#13;
strumentalen g-moll-Tonleiter bekannt ist. Wir nennen sie&#13;
halbphonisch d. Vergleichen wir diese Geschlechter mit den&#13;
rein gebildeten (unter 1., und 6.), so fehlt ihnen der unter¬&#13;
geordnete Quintklang, während der Klang der Dominante&#13;
und Regnante erhalten ist. Statt der verlorenen Quinte tritt&#13;
der antinome Mittelklang ein, in 2:d0 in 3:d+. Ferner&#13;
sind die beiden dissonanten Gebilde e g h} und f{ a c der&#13;
reinen Systeme verschwunden, und statt derselben verminderte&#13;
Dreiklänge e g b und fis} a c gewonnen, die von allerhöch¬&#13;
stem Werth sind. Sie führen einmal zu den verminderten&#13;
Septimenaccorden</Unicode>
            </TextEquiv>
        </TextRegion>
    </Page>
</PcGts>
