1502 2450
607 115 772 172 39
42 231 1261 275 rer Entzweiung, und dem Gleichsetzen beider als Ver¬
41 282 356 347 bindung”. —
143 355 1272 403 Man erkennt deutlich aus dieser Darstellung, dass Haupt¬
38 419 1281 460 mann weniger Gewicht legt auf die mathematische Form
49 466 1282 524 der Schwingungsverhältnisse, die ihm „nur ein interessantes
49 530 1281 579 Combinationsspiel” darbieten, und „für die Natur der Sache
43 587 1269 636 keinen nähern Aufschluss gewähren”, ja „den Be¬
47 650 1276 707 griff nur verhüllt darstellen”. Das Moment einer ne¬
42 707 1285 768 gativen Einheit findet er vielmehr in der § 32 entwickelten
51 771 1281 818 Bedeutung der den Dreiklang bildenden Töne selbst, und in
46 826 1274 874 deren gegenseitigem Verhältniss. — Die Obertöne des Moll¬
49 886 1273 939 dreiklangs, die für uns Hauptsache sind, werden von Haupt¬
45 955 1274 1010 mann nicht berücksichtigt, ebenso wenig wie der Durdrei¬
54 1003 1280 1060 klang als Bestandtheil eines Grundklanges angesehen wird.
49 1067 1278 1115 Auch bei diesem, dem Durdreiklange, sucht Hauptmann
52 1123 1274 1188 nur eine Beziehung zwischen den angegebenen Tönen selbst,
59 1187 1280 1229 — und findet sie im „Terz und Quint Haben”, beim Moll¬
51 1243 942 1315 dreiklange im „Terz und Quint Sein”. —
138 1316 1288 1363 Durch die oben von mir dargestellte Anschauung wird
55 1372 1291 1425 das Verhältniss in gewissem Sinne umgekehrt. Die Töne
51 1435 1288 1479 des Durdreiklangs sind gemeinsame Bestandtheile ei¬
55 1492 1284 1542 nes tonischen Grundklanges, die des Molldreiklan¬
53 1554 1280 1620 ges haben einen gemeinsamen phonischen Oberton. Jener,
53 1611 1290 1665 der tonische Grundton stimmt überein mit dem Grundtone c
57 1675 1281 1724 des Dreiklanges, hier stimmt der phonische Oberton mit der
58 1739 1287 1804 Quinte e} des Molldreiklanges a} c e} überein. Ein neues Mo¬
58 1811 1294 1859 ment kommt aber hinzu: Der Durdreiklang c e} g hat
53 1885 1288 1931 auch einen phonischen Oberton h}, dieser aber stimmt nicht
61 1940 1285 1991 mit den Bestandtheilen des Accordes überein. (Wir erken¬
63 2003 1287 2051 nen in ihm den Leitton der c = Durtonart). Ebenso wie¬
55 2067 1288 2117 derum ist der Molldreiklang a} c e} Bestandtheil eines toni¬
58 2131 1296 2180 schen Grundtones f (der in einem ähnlichen Leittonverhältniss
58 2187 570 2260 zu e} steht, wie h} zu c).
