1502 2450
658 115 936 172 266
182 220 1428 268 des Papiers senkrechte Spiegel wirksam denken. Eine dop¬
189 291 1420 346 pelt geänderte Schreibart in Bezug auf die Generation er¬
190 339 1153 403 gäbe unmittelbar identische Lagen der Bilder.
288 402 1426 452 Entwirft man in dieser Art ein Schema für andere
185 459 1420 515 Harmonieen, so ergäben sich identische Lagen für sämmt¬
182 522 1424 572 liche vollkommen symmetrische Accorde und Accordfolgen.
289 579 1433 635 An vier verschiedenen Septimenaccorden nimmt ein jeder
188 642 1428 692 Ton in unveränderter Stimmung Theil. Ebenso zwei
190 704 1436 755 in Rösselsprunglage von einander abstehende Töne an zwei
188 763 1434 812 Septimenaccorden; drei Tönen gehört nur ein bestimmter
184 824 1422 883 Accord zu. Man findet leicht im Diagramm (S. 265) fol¬
179 892 1435 941 gende den Ton d enthaltende verminderte Septimenaccorde:
287 1635 1431 1684 Die vier mit dem Tone d verbundenen vermin¬
185 1692 1435 1739 derten Septimenaccorde sind Bestandtheile derje¬
186 1755 1445 1806 nigen acht Tonarten, deren Namen in den beiden
189 1812 1445 1865 verminderten Septimenaccorden der gemischten
186 1874 1193 1921 Geschlechter des Tones d vertreten sind.
301 1946 1434 1995 Wollen wir im combinirten d-System bleiben, so ken¬
190 2010 1429 2059 nen wir nur die Folge zweier verminderter Septimenaccorde.
191 2067 1436 2117 Modulatorisch steht aber nichts im Wege, weiter fortzuschreiten.
187 2129 1443 2179 Denn es giebt zwei Accorde, die sich unmittelbar an jene
192 2191 1343 2251 beiden des combinirten d-Systems anschliessen, nämlich
