1502 2450
770 114 938 189 258
202 220 1434 268 dieselbe nicht von dem dissonanten Gebilde, sondern von
196 275 1434 332 der Auflösung abhängig erschien; hier steht die Sache nicht
190 337 1425 387 anders. In einer Modulation von c-dur aus kann sowohl
198 396 1416 460 h} — d — f — as{ als h} — d} — f — gis}} vorkommen, erste¬
198 483 1427 526 res z. B. wenn nach phon. g, letzteres wenn nach ton. a}
195 549 1427 604 oder phon. e} modulirt werden soll. Ob der Ton gis}} oder
199 613 1421 652 as{ geschrieben wird, ist somit nicht einerlei. Der Zuhörer
201 666 1431 725 wird aber erst bei der Auflösung zur bestimmten Auffassung
198 731 388 796 gelangen.
291 795 1414 847 Suchen wir die vorstehenden Gebilde in unseren ge¬
189 867 976 909 mischten Systemen auf, so finden wir
199 1206 987 1259 oder in unsere d-Systeme transponirt:
194 1556 1418 1619 Hiemit identisch in der Deutung die beiden Nonenaccorde,
197 1618 1106 1668 unter d in ersterem, über d in letzterem:
185 2028 1430 2083 und ganz ähnlich über a in ersterem, unter g in letzterem
