1502 2450
506 130 803 181 143
55 242 1277 284 ohne Modulation nach fremden Tonarten in der Hälfte das
47 292 1274 345 Stück in ges{-dur fortfährt, so handelt es sich blos um eine
49 363 1276 414 bequemere Notenschrift. Sehr oft ist es nach dem bisheri¬
55 426 1273 484 gen Zustande der musikalischen Theorie kaum möglich zu
55 483 1278 531 entscheiden, welche Tonart ergriffen worden ist. In andern
50 532 1273 594 einfachen Fällen sind die Fehler offenbar. Ich führe blos
55 595 1274 652 einige Beispiele an. In der as-dur Sonate von Beethoven
54 658 1269 707 führt in der Marcia „sulla morte d’un Eroe” die Modula¬
54 715 1272 771 tion nicht nach as-moll zurück, sondern nach bbb{{-moll, wie
46 792 762 852 schon Weitzmann bemerkt hat 1).
142 851 1268 907 In der C-dur Sonate op. 2 No. 3 von Beethoven
49 907 1262 963 kommt ein ähnlicher durch die Klangfolge bedingter Modu¬
50 970 1280 1018 lationsfehler vor. Im zweiten Theil des ersten Satzes haben
56 1027 1092 1084 wir von Takt 8 bis Takt 20 folgende Harmonieen
48 1651 765 1700 Wo das Thema wieder anfängt mit
129 1819 1271 1867 1) C. Weitzmann „die neue Harmonielehre im Streit mit der alten”.
37 1861 1273 1906 Leipzig, bei Kahnt, pag. 28. Wenn ich recht verstehe, so erblickt Weitzmann
42 1900 358 1948 hierin keinen Fehler.
