1502 2450
639 116 794 166 59
50 211 1298 267 durch das der Phonicität erklären lassen werden. — Unmit¬
42 274 550 324 telbar weiter heisst es:
153 331 1298 395 „Telle est, par exemple, la marche diatonique de l’échelle
48 387 1308 443 du mode mineur en descendant; la formation de l'accord
50 451 1293 512 appellé communément accord de sixte superflue; et quel¬
50 515 1301 571 ques autres faits moins importants, dont nous ne pouvons guère
39 571 1299 635 jusqu'ici alléguer, de raison satisfaisante que l'expérience seule.
43 627 1306 681 .... On parviendra peut-être par de nouvelles recherches à
40 699 1302 740 réduire ces Phénomènes au principe; ou bien, l'harmonie a
38 748 1079 810 peut-être quelqu'autre principe inconnu.....
