1502 2450
679 130 986 190 100
319 778 1441 836 Doch genug solcher Beispiele. Ich wollte blos dieje¬
208 854 1452 900 nigen, welche aus dem Munde des Volkes Gesänge zu hören
212 899 1447 955 Gelegenheit haben, namentlich Liedersammler, auf diesen
216 963 934 1012 Punkt aufmerksam gemacht haben.
324 1043 1447 1099 Dass selbst unseren Classikern das Wesen des phoni¬
218 1108 1452 1156 schen Geschlechts fremd war, wird am deutlichsten hervor¬
218 1163 1451 1215 treten, wenn wir nachweisen können, dass sie eben so sehr
221 1234 1458 1276 zweifellos ins phonische Geschlecht gehörende Lieder ins
214 1275 1263 1339 Mollsystem, oft gewaltsam, hinüber geführt haben.
318 1371 1462 1419 Eine grosse Anzahl der der schönsten irischen und
220 1436 1456 1492 schottischen Lieder hat Beethoven für den Gesang mit
217 1489 1455 1548 Violine-, Violoncell- und Pianoforte-Begleitung bearbeitet.
215 1546 1450 1594 Es sei mir gestattet, einige derselben genauer zu be¬
217 1603 407 1667 sprechen.
320 1690 1463 1756 „Mir träumt, ich lag wo Blumen springen” geht ganz
219 1754 1454 1818 rein in phon. g. Beethoven führt in der Begleitung nicht
213 1818 1459 1872 blos h} ein, sondern sogar fis}, den Leitton zu g, während
221 1882 1452 1939 das fis} in der Melodie garnicht vorkommt. Bringt diese
216 1955 1452 2012 aber ein b{, so wird nicht ein einzigesmal der Oberregnant-
220 2013 1455 2069 Accord d0 genommen, sondern eine Modulation nach b{ oder
212 2083 1452 2130 es{-dur vorgezogen. Die Melodie verliert dadurch zum gro¬
218 2155 1452 2200 ssen Theil ihren Character. Namentlich sind die letzten vier
222 2204 1456 2260 Takte vollkommen abgeschwächt. Beethoven schreibt so:
