5000 7566
2604 443 2827 727 16
869 1279 4575 1493 höchst wahrscheinlich, in einem ganzen Tonstücke aus A moll
861 1453 4568 1662 aber ganz sicher den dieser Tonart sehr nothwendigen Ton g
862 1588 3522 1829 als chromatischen „einschmuggeln” müßte:
858 2345 4582 2545 daß ferner in seiner Tonart, die doch nothwendigerweise den
859 2546 4578 2727 Ton gis als Vorzeichnung bekäme, da er diesen zu deren
886 2675 4578 2843 Stammtönen rechnet, der C durdreiklang ein chromatischer
865 2850 4561 3045 Accord wäre, und daß endlich die Tonarten C dur und A moll
874 3009 4543 3175 keine Paralleltonarten sein könnten, wenn sie aus ver¬
891 3160 3042 3359 schiedenen Stammtönen beständen.
1095 3309 4556 3489 Wenn mein Kritiker aber wähnt: ich sei der erste Theore¬
867 3470 4582 3655 tiker, welcher dem verminderten Dreiklange (den er, wo es ihm
852 3644 4572 3821 paßt, als $$MATH eines Dominantseptimaccordes oder als $$MATH eines
849 3810 4559 4006 sogenannten Nonenaccordes betrachtet) die Freiheit einräumt,
897 3965 4584 4155 jederzeit ungebunden auftreten zu dürfen, und aus Beispielen
855 4100 1975 4339 wie die folgenden:
858 5202 4596 5371 die seit Anerkennung der Fortschritte des Monteverde um
879 5364 4539 5531 1600 *) bis auf den heutigen Tag als correct gegolten haben **),
1339 5615 4596 5814 *) Im 5. Buche der fünfstimmigen Madrigale (1604) gebraucht
873 5775 4593 5933 Monteverde ohne Vorbereitung die Septime und None der
888 5897 4580 6049 Dominante, den Tritonus, die kleine Quinte und Sexte, und die
887 6013 4569 6198 verminderte Septime — — er schuf damit ein neues (unser heutiges)
883 6155 4580 6349 Harmoniesystem. S. Fétis, Biogr. des Musiciens, Art. Monteverde.
1130 6279 4595 6418 **) In dem so eben erschienenen Werke: Uebungen zum Studium
876 6406 4591 6537 der Harmonie von F. Hiller, Köln, 1860, pag. 7, kann Herr Bagge
872 6526 4619 6693 z. B. die von ihm so gründlich angefochtene „fundamentlose” Accordfolge
869 6655 1961 6850 ebenfalls vorfinden.
