5000 7437
2471 475 2680 743 10
749 813 4393 1009 noch ihre Würde, wenn sie durch ein abgegrenztes, gleichschwe¬
759 971 4399 1135 bend temperirtes System aus ihrem Naturzustande in die
765 1117 4400 1303 Region der Kunst emporgehoben wird. Unser Ohr aber ist
775 1274 4406 1462 heute schon dergestalt an diese kunstvolle (nicht künstliche) Tem¬
756 1429 4419 1625 peratur gewöhnt, daß selbst der Hornist die Naturtöne seines
789 1610 4410 1779 Instrumentes temperiren muß, und wir schwerlich drei oder vier
770 1736 4423 1913 Sänger auffinden möchten, die im Stande wären, den in der
757 1903 4396 2085 Tonart C dur auftretenden Accord D | F a als einen „ver¬
763 2068 4425 2237 minderten Dreiklang” hören zu lassen, wie es doch die
771 2197 4411 2379 Theorie des reinen Tonsystemes, in welchem letzeren die
761 2378 4414 2552 Töne D — a keine reine, sondern eine verminderte Quinte bil¬
769 2499 4409 2697 den, verlangt. Der gebildete Sänger singt nicht, wie Herr B.
759 2691 4385 2865 meint, nach einer ungleich schwebenden Temperatur,
764 2827 4413 3014 auch nicht natur- sondern kunstrein, denn er hat bei
764 2963 4404 3139 einem „reingestimmten”, d. h. gleichschwebend temperirten Cla¬
758 3133 4430 3301 viere seine jahrelangen Studien gemacht, sein Gehör und seine
809 3278 4431 3469 Intonation gebildet. Eine neuere gründliche Abhandlung über
780 3443 4424 3632 diesen Gegenstand: „Die temperirte Stimmung und die chro¬
786 3593 4413 3774 matische Tonleiter” von C. Kretschmann, enthält die Leip¬
785 3748 4134 3963 ziger Neue Zeitschrift für Musik, Band 53, No. 7, 8, 9.
1005 3906 4449 4087 Den von mir aufgestellten Lehrsatz von der Selbständigkeit
775 4077 4433 4238 der Consonanzen hat Herr B. weder richtig aufgefaßt, noch
792 4197 4446 4392 dessen consequente Durchführung verfolgt. Nicht die „schlechten
773 4353 4454 4539 Octaven und Quinten”, wie er sie bezeichnet, habe ich in
814 4513 4454 4698 Schutz genommen, sondern nur die „guten”, und ebenso beim
769 4677 4432 4822 Besprechen der verschiedenen Accordfolgen stets gelehrt: ent¬
787 4826 4454 5022 weder den inneren oder den äußeren Zusammenhang auf¬
787 5022 4445 5188 einander folgender Harmonien erkennen zu lassen. Aber der
814 5137 4441 5334 Contrapunkt, welcher hauptsächlich die Selbständigkeit verschie¬
786 5286 4450 5466 dener gleichzeitig auftretender Melodien bewahrt wissen
784 5464 4451 5631 will, nimmt beim Uebergange aus dem einen in den anderen
801 5597 4418 5794 Accord eine freiere Stimmenführung an, als die Harmonik,
786 5750 4444 5940 welche die natürlichste Verbindung der nach einander auf¬
791 5882 4449 6108 tretenden Harmonien als Hauptsache betrachtet. Daß ich
802 6056 4451 6253 aber in meinem Systeme jederzeit beide Arten der Stimmen¬
813 6244 4453 6412 führung berücksichtigt und besprochen habe, wird mir kein Un¬
799 6363 4462 6553 befangener als Inconsequenz auslegen, denn die musikalische
796 6553 4468 6752 Logik muß sowohl in dem einen, wie in dem anderen Falle be¬
