5000 7420
2496 466 2698 731 14
770 793 4411 1012 setze mit seinen beiden weichen Dominantaccorden D f A und
741 979 4387 1148 E g H. — Die Tonleiter bezeichne ich als „die melodische
739 1145 4413 1305 Folge aller Töne der Tonart” und beginne die aufsteigende
756 1309 4388 1474 Durtonleiter mit dem Haupttone, die absteigende Molltonleiter
727 1441 4428 1594 mit der Quinte des Hauptdreiklanges derselben, aus den in
724 1602 2949 1827 meiner Schrift angegebenen Ursachen.
736 2370 4401 2552 Wir sehen hier die Stammtöne der Dur- und der Moll¬
735 2520 4386 2693 tonart vor uns, und nennen solche aus gleichen Stamm¬
725 2692 4385 2879 tönen bestehenden Tonarten parallele. Dabei bemerke ich
736 2853 4396 3044 in meiner Schrift: Die gegenseitigen Tonverhältnisse der
741 2984 4406 3160 Stammtöne einer jeden Dur- oder Molltonart zeigen jederzeit
734 3138 4381 3308 nur „große oder kleine” Intervalle auf, und erst mit Be¬
723 3327 4405 3497 nutzung von chromatischen Tönen können „übermäßige oder
725 3477 4384 3640 verminderte” Intervalle gebildet werden. So ist z. B. f — g
739 3609 4408 3775 eine große Secunde, f — a eine große Terze, f — h eine
738 3754 4394 3948 große Quarte, f — c eine große Quinte u. s. f. Ab¬
771 3937 4413 4113 sichtlich habe ich hier die alte, richtigere Benennung für den
739 4076 4376 4232 Tritonus oder die aus drei Ganztönen bestehende Quarte wie¬
738 4223 4417 4423 der aufgenommen, weil nun consequenter Weise fortgefahren
753 4374 4413 4543 werden kann: Die Umkehrung dieser Tonverhältnisse ergiebt
739 4531 4399 4715 „kleine” Intervalle: g — f eine kleine Septime, a — f eine
742 4684 4393 4876 kleine Sexte, h — f eine kleine Quinte, c — f eine kleine
739 4838 4408 5008 Quarte u. s. f., denn aus der Umkehrung eines jeden großen
757 5004 4417 5167 Intervalles entsteht ein kleines, aus der Umkehrung eines jeden
767 5169 4395 5350 übermäßigen ein vermindertes Intervall und ebenso umgekehrt.
774 5311 4397 5502 Eine andere, heut gebräuchliche, unrichtige Benennung der
768 5477 4391 5683 oben genannten Quarten und Quinten aber hebt diese ganze
784 5618 2055 5821 so einfache Regel auf.
983 5711 4191 5960 Beispiel von den verschiedenen Gattungen der Quarte;
