5000 7416
2348 544 2472 716 5
605 779 4193 1061 niesystem die Grundzüge einer solchen Grammatik der Ton¬
627 1024 4223 1211 sprache enthalte, und deshalb wohl geeignet wäre, die frühere
603 1186 4235 1339 Lehre der Harmonie nicht allein zu vereinfachen und klarer zu
600 1368 4219 1527 gestalten, sondern auch die bei den besten unserer Tonmeister
604 1500 4223 1673 vorkommenden, früher aber als Ausnahmen dargestellten Fälle
591 1650 4228 1846 zu erklären, auf Grund derselben ähnliche, bisher noch nicht
605 1822 4219 1988 gewagte, neue harmonische Bildungen und Folgen als anwend¬
593 1963 4226 2154 bar zu rechtfertigen, und zugleich eine allgemein verständliche
610 2135 4206 2328 und präcise musikalische Terminologie festzustellen, das unbe¬
617 2262 4222 2452 fangen und vorurtheilsfrei recht streng und gewissenhaft
617 2425 4214 2629 selbst zu untersuchen, lege ich allen deutschen Tonlehrern
572 2556 1760 2762 dringend an's Herz.
827 2716 4210 2887 Wenn ich in dem Folgenden vorzugsweise den Angriffen
587 2888 4205 3084 des Herrn Selmar Bagge (in der Deutschen Musikzeitung
582 3029 4219 3234 No. 30 und 31) begegne, so geschieht es deshalb, weil dieser
583 3196 4211 3364 mehr wort- als gedankenscharfe Kritiker sich zuerst der, wie er
587 3354 4219 3525 behauptet, „der Natur der Sache nach etwas trockenen
579 3468 4230 3719 Aufgabe” unterzogen hat, meine Schrift einer näheren Prüfung
567 3659 4204 3839 zu unterwerfen, während andere Zeitschriften sich damit be¬
563 3839 4214 4019 gnügten, zusammenhanglose Auszüge aus jener Recension zu
570 3980 4184 4158 geben, oder sich „im Ganzen ganz einverstanden mit den An¬
589 4123 2657 4291 sichten des Herrn S. B.” erklärten.
817 4262 4223 4463 Zunächst findet es der genannte Kritiker „sonderbar”, daß
574 4419 4215 4632 ich gleich im ersten Satze meiner Schrift gesagt habe: es handle
579 4574 4198 4755 sich um Errungenschaften, die man in „neueren” Werken „an¬
567 4738 4204 4915 erkannter praktischer Meister” finde, da doch, was
566 4896 4203 5088 „anerkannt” sei, nicht erst einer erläuternden Rechtfertigung
560 5045 4183 5233 bedürfe. Ich erwiedere hierauf, daß neue harmonische Wag¬
547 5203 4175 5407 nisse, wie wir sie selbst in „älteren” Werken anerkannter prak¬
552 5349 4198 5537 tischer Meister finden, allerdings so lange einer erläuternden
552 5507 4225 5655 Rechtfertigung bedürfen, als die Theorie nicht den vernünftigen
566 5644 4206 5853 Grund derselben erkannt dergleichen Ausnahmen zu neuen
545 5807 4181 5987 Regeln erhoben, und solche Errungenschaften sodann als ge¬
594 5970 4213 6169 setzlich giltig dargestellt hat. Ich erinnere hier nur an die
550 6115 4201 6310 vielen Auslegungen und Erläuterungen der Einleitung des
547 6261 4206 6438 C dur-Quartetts von Mozart (S. z. B. G. Weber, Theorie
547 6433 4179 6589 der Tonsetzkunst, 3. Aufl., 3. B. Seite 196—266), deren Har¬
538 6599 4188 6772 monien allen Musikern verständlich erscheinen werden, welche
