5000 7483
2377 504 2611 734 11
636 811 4321 1035 wahrt bleiben, wie ich mehrere Male nachdrücklich betont habe,
638 1060 3748 1193 und alle die von mir aufgestellten Beispiele beweisen.
881 1159 4329 1336 Kluger Weise läßt sich mein Kritiker nicht darauf ein, den
662 1304 4301 1509 feinen Unterschied, welchen er in der harmonischen Be¬
657 1466 4296 1652 deutung der Quinte und deren Umkehrung, der Quarte,
665 1629 4319 1823 findet, anzugeben, rügt es aber, daß ich bald wohlklingende
655 1784 4327 1966 parallele Quinten freigebe, bald auf den Mißklang selbst ver¬
659 1942 4330 2124 deckter Quinten und Octaven aufmerksam mache. Gerade
654 2090 4334 2272 diese Bemerkung aber hätte ihn auf die Consequenz meiner
634 2228 4319 2409 Lehre aufmerksam machen können, nämlich: Bei unverbunde¬
644 2391 4334 2596 nen Harmonien und Accorden entfernter Verwandtschaft
657 2574 4328 2748 parallele; ja selbst verdeckte Quinten und Octaven und
664 2729 4341 2917 Querstände jeder Art zu vermeiden, um ihnen dadurch statt
665 2881 4337 3128 des fehlenden inneren einen äußeren Zusammenhang zu
656 3031 1328 3278 verschaffen.
896 3179 4344 3372 Da nun selbst Hauptmann, die allgemein anerkannte
651 3328 4332 3529 theoretische Autorität der klassischen Musik, nur die „unmittel¬
656 3484 4323 3674 bare Folge reiner Quinten in der Secundfort¬
713 3641 4334 3848 schreitung, und wo die Töne Accordbedeutung ha¬
660 3810 4349 3974 ben”, unbedingt verwirft (s. die untenstehenden Beispiele), nach
657 3964 4337 4147 meiner Meinung aber selbst in diesem einen Falle jene
670 4124 4337 4292 Quinten noch wohlklingend sein können, so schien es mir an¬
657 4284 4347 4501 gemessener, jenes allgemeine Quintenverbot aufzuheben, als
670 4472 4337 4622 einen einzelnen Ausnahmefall zum Grunde eines Verbotes zu
652 4596 4337 4788 machen, welches so unzählige Ausnahmen zuläßt. So wenig
644 4781 4334 4970 aber von der Aufhebung des Preßzwanges irgendwo Anarchie,
661 4898 4360 5103 eben so wenig ist auch von der allgemeinen Quintenfreiheit
662 5079 4347 5243 irgend welches Unheil zu befürchten *). Herr B. aber hält
653 5211 4329 5398 eine strenge Strafpredigt über meinen kühnen Staatsstreich,
662 5363 4343 5579 giebt jedoch sonderbarer Weise gleich darauf selbst sieben Pröb¬
674 5538 4259 5773 chen paralleler Quinten, in denen er „aufrichtig gesagt”,
979 5867 4363 6064 *) Nochmals wiederhole ich hier, was ich schon in meiner Schrift
665 6017 4359 6195 gesagt habe: daß der verständige Lehrer dem Schüler eine unschöne
670 6175 4351 6317 Quintenfolge ebensowohl wie eine geschmacklose Terzen- oder Sexten¬
669 6285 4363 6437 folge verbessern wird, obschon Herr B. ästhetische Gründe, die er
662 6422 4342 6556 gleichwohl im Anfange seiner Recension sehr geltend macht, hier un¬
686 6501 4353 6678 statthaft findet, weil er damit „keinen Hund aus dem Ofen locken
676 6658 1058 6831 könne”!
