5000 7508
2463 301 2689 544 26
710 609 4432 873 letzte der von Herrn B. als überhart ausgesuchten Zusam¬
701 795 1378 1008 menklänge:
681 2341 4403 2578 Der unten folgende Zusammenklang der Töne g — h — gis
857 2515 4403 2714 — es, welchen der stets von richtigem Gefühl geleitete Mo¬
676 2680 4408 2870 zart in seiner G moll-Sinfonie gebraucht, wirkt vielleicht noch
708 2848 4412 3053 schärfer als die von mir gegebenen Beispiele; er tritt ganz
700 3000 4404 3211 frei auf, und findet nach meiner Theorie seine einfache Erklä¬
686 3164 4398 3317 rung in der Verzögerung des Accordes D — fis — a — c
677 3306 4427 3518 durch chromatische Töne, welche regelmäßig stufenweise in diesen
700 3460 1455 3687 fortschreiten:
679 5392 4406 5690 Herr B. mag aus diesem Beispiele wiederum ersehen, daß
646 5659 4377 5829 nicht allein die „neuesten”, sondern auch die älteren „an¬
673 5788 4348 5978 erkannten” Tonmeister zuweilen eines „advocatus diaboli”
673 5954 4376 6128 bedürfen, um solche von ihnen gewagte, bisher aber noch in
663 6116 4385 6330 keiner Harmonielehre besprochene Zusammenklänge zu recht¬
670 6247 1359 6474 fertigen.
898 6446 4407 6645 Herr B. theilt übrigens meine Meinung, daß es zwar
