5000 7499
2652 544 2764 708 6
854 853 4517 1062 zu deren Erklärung meine Theorie der regelmäßigen diatoni¬
896 1027 4517 1208 schen und chromatischen Verzögerungen der Töne eines Accor¬
872 1169 4526 1342 des zu Grunde legen, wie ich weiter unten zu beweisen gedenke.
1111 1328 4485 1499 Herr Bagge hält es für „wenig wissenschaftlich”
860 1487 4532 1649 daß ich mich in meiner Schrift ganz auf allgemeinem Bo¬
847 1644 4519 1828 den gehalten und vermieden hätte, bestimmte angefochtene oder
849 1828 4517 1998 anfechtbare Stellen in den „neuesten Kunstschöpfungen” zu zer¬
863 1967 4516 2146 gliedern und ihre Correctheit zu beweisen. Dieser Vorwurf
851 2103 4509 2295 aber ist ganz ungerechtfertigt. Das Zusammenstellen und Er¬
864 2264 4514 2447 klären einer gewissen Anzahl von Beispielen ist noch keine
861 2422 4524 2607 Wissenschaft, denn diese soll ja eben alle jene Einzelfälle
879 2577 4542 2771 zurückführen auf ihre Principien, um aus diesen sodann
863 2766 4530 2913 Lehrsätze herzuleiten, welche nicht allein auf jene besonderen
866 2892 4547 3076 Fälle anzuwenden sind, sondern eine allgemeine Giltigkeit
864 3052 4527 3228 haben. In meinem nach solchen Principien geordneten Systeme
859 3199 4527 3395 aber habe ich Lehrsätze aufgestellt, nach denen ein jeder Musiker
845 3361 4513 3542 auch die combinirtesten harmonischen Gebilde und Wendungen
853 3514 4534 3763 in den Werken älterer und neuerer Tonmeister zu erklären
859 3672 1579 3888 wissen wird.
1125 3825 4522 4022 Herr S. B. führt weiterhin nur eine, ihm selbst nach
836 4036 4535 4184 meiner umfassenden Theorie unerklärbar gebliebene Stelle an,
858 4151 4535 4330 nämlich den Anfang der Prometheus-Ouverture von Liszt.
862 4295 4543 4462 Abstrahiren wir von der daselbst der Bequemlichkeit der Spieler
836 4467 4540 4669 wegen gewählten Schreibweise, und führen die contrapunktische
859 4614 4545 4788 auf die harmonische Stimmenführung zurück, so erscheinen die
850 4766 4540 4988 drei ersten Zusammenklänge als Verzögerungen der Töne des
879 4925 4551 5105 gis moll-Dreiklanges (in der Terzsextlage), und der diesem
864 5078 4523 5274 folgende übermäßige Dreiklang (c e gis) als ähnliche regel¬
865 5217 4542 5445 mäßige Verzögerung des cis moll-Dreiklanges in der Grund¬
848 5405 1227 5602 lage):
868 6159 4549 6347 Schreiben und hören wir aber auch den dritten Zusammenklang
856 6358 4569 6510 als den c moll-Accord (in der Quartsextlage), so verwechselt
878 6475 4549 6649 Herr B. dennoch hier, wie an andern Stellen, die Begriffe
853 6637 4548 6829 Accord und Tonart, wenn er „den schreiendsten Querstand
