5000 7437
2520 382 2750 717 20
801 725 4489 988 geben, damit aber zugleich auch der Willkür Schranken
783 979 4484 1139 gesetzt und ihr keineswegs das Wort geredet habe. Wenn sich
785 1120 4486 1299 derselbe also „fuchswild” gebärdet über meine Worte: „Der
806 1259 4480 1433 feinfühlende Künstler wird — selbst der Wahrheit und Be¬
824 1399 4479 1596 stimmtheit des Ausdrucks zu Liebe — niemals die Anmuth und
814 1575 4470 1750 Schönheit zum Opfer bringen, aber nicht der einseitig be¬
854 1711 4491 1881 fangene Kritiker, sondern eben nur der Geweihte, dessen
791 1862 4483 2045 Brust von dem göttlichen Funken der Kunst erglüht, ist dazu
790 2027 4483 2202 berufen, die Grenzen des Schönen zu bestimmen” — so kann
799 2164 4487 2378 ich die Ursache davon nur darin finden, daß er dem grübelnden
803 2346 4486 2513 Kritiker das Richteramt über den schaffenden Künstler unter
791 2487 4497 2699 jeder Bedingung zuerkannt wissen möchte — eine Meinung, die
801 2625 4475 2840 gewiß nicht einmal seine gläubigsten Anhänger mit ihm theilen
782 2808 1274 3027 werden.
1047 2927 4478 3115 In dem Capitel von den Dissonanzen findet Herr B. „im
804 3088 4501 3290 Interesse einer gleichmäßigen Theorie” nur einen Irrthum
798 3286 4499 3460 zu berichtigen. Er behauptet nämlich, daß die Vorschläge
802 3441 4494 3588 nicht den unaccentuirten, sondern den accentuirten
788 3556 4490 3734 Takttheilen angehörten, weil der Unterschied zwischen Vorhalt
784 3726 4485 3904 und Vorschlag nur darin bestehe, daß der erstere vorbereitet
831 3885 4487 4064 sei, der zweite aber nicht. Meiner Meinung nach aber können
793 4022 4485 4193 die Vorschläge wohl mit den Durchgangstönen, niemals aber
784 4205 4481 4376 mit den gebundenen Vorhalten in eine Klasse gestellt werden.
802 4326 4485 4510 Denn Vorschläge sowohl wie Durchgangstöne dürfen jederzeit
785 4491 4500 4656 Dissonanzen bilden, deren Auflösung in einer anderen Stimme
808 4650 4473 4844 gleichzeitig schon vorhanden ist, bei den Vorhalten jedoch ge¬
792 4796 4484 5011 nießt nur die None das Recht, einem im Basse schon vor¬
799 4972 4486 5158 handenen Tone gleichzeitig als Verzögerung zu dienen.
797 5112 4471 5295 Das folgende Beispiel bei 1 enthält nach Herrn Bagge's
808 5253 4500 5451 Theorie regelmäßige, nach der meinen jedoch unrichtige
779 5414 1605 5625 Vorhalte:
