5000 7649
2562 426 2801 698 24
773 2554 4530 2736 Wie hier in der angenommenen Haupttonart C dur, so würden
767 2701 4546 2910 diese Accordfolgen, auch wenn sie in jeder anderen Tonart
766 2846 4518 3050 aufträten, dennoch ganz dieselbe Bedeutung und Benennung
778 3015 4502 3209 behalten. Wenn Herr B. in den so ganz verschiedenen Bei¬
800 3165 4524 3370 spielen 1 und 5, seiner obigen Aussage nach Halbcadenzen
805 3334 4454 3524 sieht, so müßte er die übrigen consequenter Weise Viertel-,
756 3493 4531 3667 Achtel-, Sechszehntelcadenzen u. s. f., deren Auftreten
760 3643 4502 3840 in anderen Tonarten aber wieder anders benennen, eine Lehre,
753 3775 4523 4029 die unter den denkenden Musikern heutigen Tages sicher keine
736 3938 2486 4161 Anhänger mehr finden wird.
985 4052 4503 4305 Bei Besprechung der Schlußbildung stelle ich den Satz
736 4305 4506 4455 auf: Hat sich eine Tonart in ihren Hauptmomenten bereits
745 4406 4525 4589 kundgegeben, so genügt zum Abschlusse in derselben auch eine
745 4603 4520 4786 Accordfolge, über deren harmonische Bedeutung wir außerdem
748 4715 4523 4919 in Zweifel bleiben würden. Und weiterhin bemerke ich: wie
783 4891 4493 5075 schon die ältere Tonkunst zur Aufhaltung des Schlusses eines
746 5059 4493 5228 Tonstücks die vermiedene Cadenz (s. die Beisp.) anwandte,
769 5202 4502 5390 so läßt auch die neuere oft hart vor dem Schlusse noch einen
742 5386 4493 5551 oder mehrere, chromatische Töne benutzende Accorde auftreten,
733 5526 4475 5695 um den Schlußaccord durch eine solche Spannung desto befrie¬
726 5676 4482 5865 digender wirken zu lassen (Beisp. folgen i. m. S.). Herr B.
737 5839 4483 6017 bemerkt dabei, daß andere Menschen wohl statt der Befriedi¬
734 6015 4504 6193 gung Ueberdruß und Grauen empfinden würden, wenn ihnen
735 6172 4491 6350 dergleichen oft aufgetischt würde. Daß eine fortgesetzte Span¬
730 6311 4482 6547 nung endlich Ueberdruß und Abspannung erzeugt, ist eine be¬
735 6459 4492 6664 kannte Thatsache, hier aber ist ja eben nur von einer schnell
719 6638 4517 6852 vorübergehenden die Rede; denn wie es Herr B. anfangen
