5000 7470
2448 274 2689 561 28
709 573 4431 857 dern den gleichklingenden Ces molldreiklang. Verfolgt er von
718 813 4426 984 diesem letzteren aus die ferneren Harmonien, so vernimmt er
725 978 4447 1135 beim Schlusse nicht den As moll-, sondern den gleichklingenden
722 1125 4430 1295 bbb moll-Dreiklang. Der kühne Enharmoniker beginnt dem¬
713 1264 4440 1481 nach seinen Trauermarsch in As moll und schließt ihn in bbb moll,
728 1449 4441 1588 indem er beide Tonarten als völlig identisch, und nur der
724 1591 2953 1761 Schreibart nach verschieden betrachtet.
975 1768 4425 1952 In meinem Harmoniesysteme habe ich jederzeit die Bedeu¬
717 1906 4420 2063 tung des alten Gesetzes seinem ganzen Umfange nach ange¬
729 2070 4442 2247 geben und die auf Naturnothwendigkeit gegründeten Gebote
712 2242 4429 2426 desselben gehörigen Ortes ihrer ganzen Strenge nach festgehal¬
710 2420 4441 2581 ten. Aber auch die Erweiterungen desselben, welche die größten
736 2550 4434 2706 unserer dahingeschiedenen und noch lebenden Tonmeister als
730 2685 4429 2874 vernünftige und zweckentsprechende anerkannt und in Ausübung
726 2859 4443 3034 gebracht haben, habe ich, ebenfalls ihrem ganzen Umfange nach,
737 3037 4441 3203 gesammelt, geordnet, begründet und als neue Gesetze den
736 3175 2809 3354 älteren zur Ergänzung beigegeben.
959 3334 4436 3486 Die vorliegenden Blätter haben den Zweck, einige in mei¬
729 3462 4451 3620 ner Schrift nur gedrängt gegebene Sätze weiter auszuführen
724 3614 4428 3794 und eine gerechte Entscheidung über die Zulässigkeit oder Un¬
738 3776 4451 3965 zulässigkeit einiger neuerer Lehrsätze herbeizuführen, die den
721 3944 4420 4124 älteren, welche bisher als unfehlbar gegolten hatten, zu wider¬
768 4091 4421 4280 sprechen scheinen. Also nicht gegen einen einzelnen Kritiker,
753 4240 4447 4422 sondern gegen die von ihm vertheidigten Sätze der alten Lehre
751 4421 4446 4588 habe ich gekämpft, und nicht ohne Widerwillen habe ich zuwei¬
735 4544 4443 4733 len die mir gebotenen, dem Ernste der Sache aber eigentlich
735 4700 3338 4881 nicht entsprechenden Waffen dabei gebraucht.
973 4858 4428 5051 Gegen fernere oberflächliche und grundlose Angriffe aufzu¬
732 5002 4431 5188 treten halte ich mich nicht für verpflichtet, da ich die Entschei¬
743 5167 4428 5337 dung der hier angeregten Streitfragen nicht dem „einseitig be¬
746 5329 4473 5533 fangenen Kritiker”, sondern dem unbefangenen und selbst
736 5483 3454 5682 prüfenden praktischen Musiker anheimstelle.
