5000 7495
2312 498 2543 732 23
646 787 4294 1036 (s. Beisp. 3), über jedem anderen Tone, dem eine
623 973 4285 1185 solche hervortretende Tragkraft zugetheilt wer¬
594 1147 4288 1317 den soll, zu Anfang oder in der Mitte eines Tonstückes
617 1308 4293 1492 seine Anwendung finden.” S. 50 werden ferner Beispiele
583 1477 4291 1666 dreier gleichzeitigen Haltetöne von Bach und
580 1608 4261 1796 Beethoven angegeben, und S. 63 steht die Bemerkung:
596 1763 4272 1986 „daß die oben besprochenen Haltetöne unter den erwähnten Be¬
572 1929 4303 2091 dingungen auch zuweilen in der Ober- oder in einer
589 2082 4090 2272 Mittelstimme wirkungsvoll angewendet werden können.”
811 2237 4289 2421 Dies zur ferneren Andeutung, mit welcher Redlichkeit und
591 2396 4271 2586 Aufrichtigkeit Herr B. und seine Partei an die Beurtheilung
584 2576 3302 2771 der Werke ihrer vermeintlichen Gegner gehen.
809 2746 4301 2915 Mein Kritiker belehrt mich weiterhin, daß man „in der
593 2895 4301 3056 ganzen Welt unter Halbcadenz einen Schluß auf der
591 3018 4294 3199 Oberdominante verstehe”. Wie nennt denn in diesem Falle die
594 3185 4280 3360 ganze Welt des Herrn B. die Schlüsse auf der Unterdominante,
581 3336 4298 3521 der Unterterz, der Oberterz u. s. f., die doch nicht minder häufig
573 3514 4290 3689 vorkommen? Nach meiner Meinung geben die folgenden Bei¬
605 3633 4304 3854 spiele Ganzschlüsse in G dur, F dur, A moll und E moll, weil
605 3808 4291 3990 sie die Oberdominantaccorde dieser Tonarten benutzen:
576 6299 4298 6447 während die nachstehenden Halbschlüsse in den genannten
587 6449 4277 6628 Tonarten bilden, weil sie die Unterdominantaccorde der¬
579 6589 2574 6818 selben dazu in Anspruch nehmen:
