5000 7508
2406 489 2540 646 7
635 799 4286 995 des vorhergehenden e und a zu dem es und as der c moll-
650 947 4283 1169 Tonart zu vernehmen meint, denn nicht ein einzelner Accord,
678 1117 4320 1325 sondern erst eine gewisse Folge von Accorden vermag uns
652 1264 4331 1467 den Begriff einer bestimmten Tonart zu geben. Wie Mozart
644 1418 4304 1609 in der oben erwähnten Einleitung seines C dur-Quartetts, so
655 1582 4329 1769 läßt auch Liszt den Zuhörer längere Zeit in Ungewißheit
638 1753 3274 1973 über die Tonart seiner sinfonischen Dichtung.
901 1875 4320 2127 Zum Beweise aber, daß auch der feinfühlende Mozart
633 2047 4339 2244 motivirte Querstände und andere harmonische Härten gehörigen
657 2240 4316 2420 Ortes nicht unschön gefunden hat, möge der vielbesprochene
662 2377 4313 2564 Anfang jener Einleitung auch hier eine Stelle und zugleich
679 2541 4124 2751 seine nach meiner Theorie sehr einfache Erklärung finden:
690 4237 4323 4465 Mozart beginnt mit dem As dur-Dreiklange (in der Terz¬
692 4436 4343 4638 sextlage), diesem folgt der $$MATH-Accord c es g a, der eine regel¬
673 4582 4369 4789 mäßige Trugfortschreitung in den Secundaccord c d fis a
673 4786 4369 4942 nimmt und dieser löst sich sodann in den durch zwei Vorhalte
671 4890 4353 5069 verzögerten G dur-Dreiklang (in der $$MATH-Lage) auf. Das h des
667 5054 4359 5245 Basses bleibt nun als Halteton liegen, über welchem der
681 5243 4382 5403 h moll-Dreiklang und sodann der verminderte Dreiklang fis a c
670 5370 4357 5584 erscheint, der endlich regelmäßig in den G dur-Dreiklang über¬
667 5543 1039 5787 geht:
