5000 7462
2289 464 2499 751 15
818 747 4271 1003 Im Fortgange meiner Schrift bemerke ich ferner: um die
575 947 4272 1173 Durtonart weicher zu stimmen, wird häufig statt des großen
565 1123 4257 1326 Unterdominant-Dreiklanges der kleine, und zu dessen Bildung
601 1297 4266 1482 sodann ein chromatischer Ton (as) benutzt. Da wir aber
572 1481 4232 1637 nur die Schritte eines Ganz- oder Halbtones als melodische,
564 1610 4265 1789 alle übrigen aber als harmonische Schritte erkennen, so
562 1758 3602 1968 bildet die Tonleiter dieser „weicheren Durtonart”
547 2340 4263 2579 des Sprunges von as zu h wegen, keine zusammenhängende
568 2555 4237 2721 melodische Folge. Daß und wie sie aber zu gebrauchen,
572 2691 4255 2865 und harmonisch zu begleiten ist, lehre ich durch mehrere Bei¬
593 2834 4253 3011 spiele S. 8. — Bei der Molltonart bemerke ich ebenso: Wie
555 2997 4251 3151 die Durtonart zuweilen durch den weichen Unterdominant-
544 3155 4264 3351 Dreiklang weicher gestimmt wird, so wird noch häufiger die
591 3291 4228 3446 Molltonart kräftiger durch einen harten Oberdominant-
564 3454 4224 3660 Dreiklang (e gis h) gestaltet, und die harmonische Beglei¬
559 3591 4246 3770 tung der Tonleiter dieser „härteren Molltonart” ist wegen des
564 3745 4260 3932 darin erscheinenden unmelodischen Schrittes, welcher durch den
573 3905 4242 4074 Ton gis herbeigeführt wurde, denselben Bedingungen unterwor¬
600 4069 4255 4275 fen, wie die der Tonleiter der „weicheren Durtonart”. Es ist
563 4240 4227 4409 demnach ein etwas starker Irrthum, wenn Herr B. behauptet,
561 4387 4239 4552 ich hätte die so eben besprochenen Tonleitern anfangs aufgestellt,
591 4530 4255 4709 später aber wieder verworfen! Schließlich erwähne ich noch, daß
571 4704 4212 4881 beide Tonarten außer den hier genannten chromatischen Tönen,
556 4856 4253 5074 noch die sämmtlichen anderen Töne unseres Tonsystemes als
574 5031 3853 5199 chromatische Nebentöne benutzen können (s. S. 10).
800 5131 4254 5354 Diese doch gewiß sehr klare Darlegung der Tonart, der
555 5270 4251 5529 Tonleiter, der Stammtöne und der chromatischen
565 5475 4243 5631 Nebentöne bezeichnet mein, wie es scheint nicht allezeit auf¬
554 5626 4246 5802 richtiger Kritiker als „eine Verwirrung” und „verwunderliche
560 5771 4233 5952 Vermengung der Begriffe Tonart und Tonleiter” und fabelt
560 5942 4261 6103 weiter ich hätte den eben erst ausgewiesenen (?? er meint
578 6087 4219 6297 wohl den von mir gar nicht als Stammton angenommenen)
554 6266 4237 6440 Ton gis später als chromatische Contrebande wieder einge¬
592 6404 4239 6597 schmuggelt. Herr B. vergißt, daß er in einen zweiten Theil
575 6561 4211 6759 seiner „alle Töne der Tonart enthaltenden Melodie”:
