5000 7429
2362 337 2599 581 27
639 615 4323 859 nicht gerathen wäre, ein Tonstück mit vielen solchen harten
648 843 4332 1027 Dissonanzen anzufüllen, daß aber dem Meister kein seinem
642 986 4331 1167 Zwecke entsprechendes Mittel einer befangenen Theorie wegen
647 1132 4336 1321 entzogen werden dürfe; nur fügt er hinzu: den „falschen
655 1295 4335 1466 Propheten” gegenüber müsse man „jedes Stückelchen
633 1450 4335 1611 des Gesetzes” aufrecht erhalten. Auch hierin stimmen wir
630 1595 4315 1773 beide vollkommen überein, sofern Herr B. nur nicht alle le¬
621 1759 4319 1935 benden Meister als falsche Propheten, und das alte Testa¬
632 1907 3305 2103 ment als das allein giltige Gesetz betrachtet.
855 2062 4332 2231 Wenn endlich mein aufrichtiger Kritiker behauptet, daß er
623 2227 4325 2406 von dem wirklich der neuesten Schule Angehörigen (aus
648 2375 4337 2550 Grundsatz!) herzlich wenig behalten möchte (denn diese muß
622 2529 4334 2722 unter jeder Bedingung stets Unrecht haben!), so stimmt er doch
643 2686 4341 2879 schließlich wider Willen in den Hauptsachen mit den von mir
620 2843 4332 3027 vertretenen Lehrsätzen überein, und so scharf er anfangs auch
622 2993 4329 3181 meine Harmonielehre anzugreifen versuchte, weil sie auf ein
619 3176 4313 3336 temperirtes Tonsystem gebaut sei, so sagt er wiederum
605 3301 4326 3457 doch am Schlusse seiner Recension, daß man eigentlich „kein
623 3452 4317 3644 unbedingter Gegner der Enharmonik sein könne, weil die Mei¬
633 3593 4318 3791 ster auf Grundlage des im Gebrauch (warum also nicht auch
616 3762 4323 3959 von der Theorie) festgestellten temperirten Systemes sehr viel
631 3917 4306 4068 Geistreiches aus ihr herausgebildet hätten, und nur ihr Miß¬
609 4077 4321 4256 brauch sei verwerflich.” Vor dem Mißbrauch aller starken
622 4219 4325 4408 Ausdrucksmittel habe ich ebenfalls an verschiedenen Stellen
614 4393 4294 4563 meiner Schrift gewarnt; wenn aber Herr B. weiterhin meint,
623 4583 4316 4721 „alle neueren guten Componisten bis zu Schumann
643 4690 4318 4856 (NB. bis zu dem letzten Todten) hätten die Enharmonik nur
628 4838 4317 5012 in witziger Weise benutzt”, so ist dies wiederum ein auf¬
645 4989 4324 5175 fallender Irrthum, und es klingt komisch, wenn er einen dem
623 5160 4307 5335 Zuhörer ganz unmerklichen enharmonischen Uebergang mit dem
652 5304 4314 5475 sehr bemerklichen Blech und der großen Trommel des Orche¬
641 5471 4302 5655 sters vergleicht. Der Trauermarsch „sulla morte d’un Eroe”
618 5618 4302 5761 von Beethoven (in Op. 26) enthält Takt 9 einen enharmo¬
600 5757 4293 5937 nischen Uebergang, indem der Tonsetzer den hier natürlich fol¬
616 5927 4305 6088 genden Ces molldreiklang in den H molldreiklang umwandelt.
608 6075 4310 6246 Kein Musiker aber wird darin einen „Witz” erkennen oder
602 6232 4309 6402 denselben gar mit Pauken und Trompeten vergleichen wollen.
595 6364 4289 6557 Der Zuhörer vernimmt vielmehr gar nicht den H moll-, son¬
