5000 7391
2335 393 2578 628 21
625 1473 4294 1726 Das zweite Beispiel bietet dagegen regelmäßige, d. h. auf
621 1670 4309 1853 unaccentuirten Takttheilen erscheinende Vorschläge
640 1804 4287 1998 dar. Durchgangstöne und Vorschläge aber, welche ihrer eigent¬
651 1999 4281 2174 lichen Natur zuwider, auf accentuirten Tacttheilen auf¬
641 2146 4306 2317 treten, bilden sodann auch schärfere Dissonanzen, ohne jedoch
649 2280 4269 2482 die Kraft und Reinheit der gebundenen Vorhaltsdissonanzen,
632 2438 4288 2648 welche eben diesen accentuirten Takttheilen angehören, auf¬
637 2613 1176 2835 zuzeigen.
892 2679 4325 2927 Hätte weiterhin mein wohlmeinender Kritiker den von ihm
639 2893 4259 3077 mitgetheilten Beispielen von „Accordbildungen durch Vorhalte”
640 3047 4301 3258 meine denselben unmittelbar folgende Erklärung (S. 29) bei¬
653 3231 4319 3404 gegeben, so würde deren Bedeutung jedem unbefangenen Leser
643 3346 4331 3537 klarer geworden sein, als durch die dafür von ihm hingestellten
650 3516 4297 3696 Bemerkungen, welche sich auf die alte, wirre Lehre von unsicht¬
647 3664 4303 3856 baren und unhörbaren Grundbässen stützen. Solche „Grund¬
644 3825 4323 4022 bässe” haben nicht einmal bei der früher allein als regelmäßig
640 4017 4310 4166 geltenden Auflösung eines Septimenaccordes eine sinnvolle Be¬
657 4139 4317 4322 deutung, denn selbst in diesem Falle machen sie einen natürli¬
653 4308 4332 4469 chen Septimenaccord zum Scheinaccord (zum sogenannten
636 4427 4333 4650 Nonenaccord); in den von mir mitgetheilten mannigfaltigen
673 4591 4316 4779 Fortschreitungen eines Septimenaccordes aber erscheinen die¬
685 4757 2808 4945 selben als völlig sinnlose Anhängsel.
892 4872 4358 5108 Der alten Lehre nach hat z. B. der Accord h — d — f — a
649 5034 4337 5254 den Ton G als hinzu zu denkenden Grundbaß, dieser paßt ihm
656 5231 4161 5394 aber so wenig, daß er entsetzliche Harmonien wie z. B. f —
643 5352 4339 5555 g — a — h — d hervorrufen würde, wenn er sich bei einer
673 5549 4343 5729 Umkehrung des genannten Accordes betheiligen wollte. Jener
685 5654 4351 5878 sogenannte Grundbaß muß vielmehr, wenn er hörbar gemacht
650 5816 4335 6010 wird, jederzeit tiefste Stimme bleiben und erzeigt sich eben
645 5982 4328 6143 dadurch als Halteton, welcher nur in seltenen Ausnahme¬
671 6124 4332 6325 fällen auch einmal einer Mittel- oder Oberstimme zuertheilt
656 6292 4329 6457 wird. Wollten wir aber auch annehmen, daß der dem Accorde
656 6420 4331 6655 h — d — f — a hinzugefügte „Grundbaß” G eine Auflösung
