5000 7416
2346 434 2552 699 19
601 761 4283 992 Mehrdentigkeit der Accorde aufmerksam zu machen, aus welcher
578 946 3057 1125 Betrachtung ich sodann den Schluß ziehe:
836 1112 4271 1276 „Einem consonirenden Accorde kann jeder an¬
578 1259 4260 1458 dere consonirende Accord folgen. Selbstverständlich
614 1407 4283 1584 giebt die oben (in den Beispielen) angewandte natürlichste
623 1593 4264 1769 Stimmenführung und das Vermeiden der melodisch auftreten¬
593 1722 4289 1893 den übermäßigen und verminderten Intervalle, der offenbaren
593 1891 4266 2068 und verdeckten Quinten- und Octavenparallelen, sowie der un¬
598 2027 4271 2183 harmonischen Querstände einer jeden Accordfolge den meisten
615 2183 4279 2350 äußeren Zusammenhang, wie denn endlich auch wohl zu
600 2339 4264 2508 beachten ist, Accorde von entfernter Verwandtschaft nicht in zu
596 2499 4265 2681 rascher Bewegung unmittelbar auf einander folgen zu lassen,
603 2638 4263 2869 um dem Ohre Zeit zu gönnen, auch den inneren Zusam¬
574 2791 2953 2975 menhang der Harmonien zu erfassen.”
820 2912 3840 3133 Hierüber nun äußert sich Herr B. folgendermaßen:
812 3116 4252 3294 „Das Weitzmann'sche Grundgesetz ist ein wahrhaft auf¬
598 3259 4276 3457 lösendes, vernichtet die Bande der Tonart, hebt allen Zu¬
635 3406 4253 3575 sammenhang auf und ist ein ächtes Kind unserer Zeit“ 2c.
844 3571 4256 3754 Den logischen Zusammenhang aufeinander folgender Har¬
594 3718 4254 3890 monien zu bewahren, habe ich nicht allein in dem hier ange¬
588 3876 4261 4055 fochtenen Satze selbst, sondern gehörigen Ortes stets in meiner
596 4031 4165 4206 Schrift gelehrt; die Behauptung, daß obiges „Grundgesetz”
596 4170 4264 4366 allen Zusammenhang aufhebe, ist also völlig grundlos. Ebenso
598 4322 4275 4528 unbegründet aber ist auch die Befürchtung, daß dasselbe die
573 4499 4265 4683 Bande der Tonart vernichte. Nur von aufeinander folgenden
592 4636 4284 4839 Accorden spricht der von mir aufgestellte Lehrsatz und Herr
564 4810 4269 4999 Bagge verwechselt hier augenscheinlich wiederum die Begriffe
590 4982 4249 5165 „Accord” und „Tonart”. Ueber die Nothwendigkeit des Fest¬
596 5105 4266 5283 haltens einer Einheit der Tonart spricht sich die Einleitung zu
589 5278 4276 5444 meiner Modulationslehre (S. 55) folgendermaßen aus: Ein
595 5410 4277 5603 jedes Tonstück, welches einen nachhaltigen Eindruck hinterlassen
591 5570 4242 5766 soll, wird bei der nothwendigen Einheit in Färbung und Cha¬
577 5735 4255 5910 rakter auch die Einheit einer bestimmten Tonart bewahren
555 5867 4247 6052 müssen. Herr B. mag aus diesem „Glaubensbekenntniß”, wie
568 6033 4236 6202 aus jedem Lehrsatze meiner Schrift, den er nicht mit den „neue¬
599 6165 4241 6370 sten Kunstschöpfungen” in Einklang zu bringen vermag, ersehen,
567 6340 4263 6520 daß ich in meinem Systeme zwar die äußersten Grenzen einer
553 6497 4236 6731 zulässigen, vernünftigen Freiheit in der Harmonielehre ange¬
