5000 7479
2679 478 2801 723 4
899 752 4535 998 nachdrücklich ausgesprochen habe. Diese aber ist nur theore¬
880 984 4544 1175 tisch, also ganz abstrakt, auf ein ideales, reines Tonsystem
893 1175 4534 1325 gebaut, und stellte es sich zur Aufgabe, die allgemeinen Natur¬
902 1311 4542 1479 gesetze der Harmonik und der Metrik zu ergründen, nicht aber eine
886 1457 4541 1630 praktische Harmonielehre darzubieten. Diese Grundgesetze nun
881 1617 4543 1809 werden freilich in jeder guten Theorie dieselben sein, denn sie
917 1754 4544 1960 sind nicht von Hauptmann erfunden, wie einer meiner
883 1921 4528 2105 Kritiker behauptete, sondern von ihm zum ersten Male wissen¬
903 2058 2501 2267 schaftlich festgestellt worden.
1121 2180 4530 2401 Meine Aufgabe dagegen war es, nicht allein jene allge¬
864 2399 4541 2559 meinen Gesetze und deren praktische Anwendung gedrängt und
861 2566 4529 2755 präcis gefaßt vollständig mitzutheilen, — und daß ich hier¬
872 2698 4549 2851 bei das so eben erwähnte beste der darüber vorhandenen Werke
877 2847 4549 3045 benutzte, wird mir gewiß Niemand zum Vorwurf machen, dem
877 3038 4541 3207 es wie mir darum zu thun ist, Alles wohl zu prüfen und so¬
862 3175 4558 3354 dann das Rechte zu bewahren, — sondern auch, und das ist
864 3316 4536 3525 meine eigene und die mit dem Preise gekrönte Arbeit, alle
869 3470 4532 3660 in der heutigen gebildeten Tonsprache gebräuchlichen Aus¬
857 3638 4511 3831 nahmen von den allgemeinen Regeln zu sammeln, zu sichten,
887 3790 4536 3991 systematisch zu ordnen und ihre theoretische Berechtigung und
873 3948 3136 4136 praktische Verwendbarkeit nachzuweisen.
1103 4101 4547 4262 Mein Harmoniesystem wurde zuerst in der oben erwähnten
865 4259 4514 4440 Zeitschrift, und sodann noch besonders bei dem Verleger der¬
890 4422 4539 4588 selben abgedruckt. Der Zweck der vorliegenden Blätter aber
876 4567 4521 4724 ist es, mehrere der dort aufgestellten und von der Kritik ange¬
854 4722 4508 4929 griffenen Sätze zu vertheidigen, Manches dort zu sehr Ge¬
858 4902 4525 5075 drängte oder Mißverstandene zu erweitern und klarer darzu¬
893 5029 4547 5222 stellen, und endlich auch dahin zu wirken, eine Gleichheit in
863 5203 4548 5375 der musikalischen Terminologie zu erzielen, da fast eine
876 5353 4521 5539 jede Tonlehre für gewisse bestimmte Begriffe ganz ver¬
906 5494 4532 5663 schiedene Namen aufstellt, so daß die Schüler verschiedener
876 5672 4535 5853 Lehrer sich über dergleichen Gegenstände niemals verständigen
864 5813 4527 6025 oder vereinigen können. Diejenige Grammatik aber scheint mir
857 5973 4534 6168 den Vorzug zu verdienen, welche bei größter Klarheit und Ver¬
862 6105 4502 6291 ständlichkeit ihre Regeln so bestimmt und zugleich so umfassend
839 6287 4530 6495 aufstellt, daß sie die früher als Ausnahmen erklärten einzelnen
882 6438 4545 6602 Fälle zugleich mit in sich begreift, und auch über deren richtige
883 6602 4528 6821 Anwendung keinen Zweifel übrig läßt. Ob nun mein Harmo¬
