5000 7616
2327 439 2537 669 17
537 695 4314 977 den Beweis ziehen will, daß meinem Gebäude das „Funda¬
547 938 4319 1142 ment” (?!) fehle, so kann ich Herrn Bagge nur rathen,
539 1118 4301 1288 recht bald einen Blick in solche historische und theoretische musi¬
534 1254 4307 1433 kalische Werke zu werfen, die er nicht gerade aus Princip ge¬
540 1433 4318 1603 ringzuschätzen Willens ist, um nicht noch ein Mal in derglei¬
549 1572 4331 1758 chen Absurditäten zu verfallen. Mein unparteiischer Kritiker
578 1737 4346 1935 scheint ferner übersehen zu haben, daß ich S. 30 meiner
561 1920 4320 2083 Schrift die regelmäßigen Auflösungen jenes Accordes bespro¬
547 2053 4320 2248 chen, und S. 31 auch jenes sogenannten „Fundamentes” fol¬
549 2197 4336 2431 gendermaßen erwähnt habe: „Der verminderte Dreiklang kann
547 2367 4324 2574 selbstverständlich nicht allein frei, sondern auch gebunden, auf
532 2573 4332 2730 leichtem oder schwerem Takttheile auftreten, doch wird er
533 2695 4353 2889 sowohl wie seine Auflösungen wohlklingender, wenn er mit
536 2862 4323 3032 einem ihm terzverwandten Dreiklange in Verbindung tritt,
548 3028 4330 3198 und damit zum Septimenaccorde auf dem Leitetone
526 3164 4332 3337 einer Dur- oder Moll-Tonart, oder zu deren Dominant¬
533 3342 4334 3517 septimen-Accord wird. In einer Folge von Dreiklängen
548 3489 4334 3678 wird er deshalb nur als eben unvermeidlich, außerdem
541 3628 4304 3822 aber auch in seiner wohlklingendsten, der Terzsext-Lage, ge¬
527 3786 1155 3987 braucht.”
778 3915 4333 4132 Mein geneigter Kritiker fährt fort: „In einem weiteren
520 4099 4311 4267 Kapitel, Verwandtschaft der Accorde und Ton¬
518 4250 4337 4420 arten, bringt der Verfasser längst bekannte Dinge, die in
546 4429 4323 4618 jeder vernünftigen Harmonielehre stehen.” Diese Behauptung
527 4610 4309 4794 muß ich so lange in Zweifel stellen, bis derselbe mir wenigstens
502 4738 4316 4927 eine Harmonielehre näher bezeichnet, in welcher jener Gegen¬
547 4900 4305 5076 stand sowohl wie die mit demselben zusammenhängende Mo¬
539 5072 4325 5210 dulation eben so erschöpfend als in meiner Schrift besprochen
528 5219 4338 5380 worden ist. — Er bemerkt ferner: „Der Verfasser fabelt von
533 5383 4320 5584 einem „mystischen” Zusammenhang der „Tonart” C dur mit
522 5538 4323 5722 Fis- oder gar Ges dur und vergißt hierüber die in seiner
536 5700 4304 5891 Schrift zu suchende Aufklärung zu geben.” — Der Entdecker
502 5849 4326 6015 dieser der musikalischen Welt schon längst nicht mehr als
507 6006 4294 6218 „Fabel” erscheinenden Verwandtschaft ist, soviel ich weiß,
508 6176 4323 6342 Beethoven. In seinem so großartig angelegten dreizehnten
519 6337 4315 6524 Quartette in B dur, dessen verschiedene Theile im innigsten
514 6492 4320 6701 verwandtschaftlichen Zusammenhange miteinander stehen, schließt
506 6681 4316 6894 z. B. das Andante con moto in Des dur, und der folgende
