5000 7420
2485 410 2721 621 22
747 658 4425 944 in den C durdreiklang andeuten könnte, so wird dessen Bedeu¬
746 910 4426 1125 tung doch völlig unverständlich in allen anderen Auflösungen
737 1072 4429 1279 oder Trugfortschreitungen des genannten Accordes; wie z. B.
742 1199 1834 1449 in den folgenden:
720 2720 4413 2920 Bleibt nun der alten Lehre nach in allen diesen Fällen der
749 2915 4396 3091 Grundbaß des Accordes h —d — f — a ein und derselbe,
738 3078 4322 3275 nämlich G? Oder muß dieser hier bald als C, E, H, Gis u. s. f.
738 3251 4400 3423 gedacht werden? In keinem Falle kann eine auf so unsicherer
731 3374 4388 3552 Basis beruhende Lehre dem Schüler oder dem Musiker über¬
734 3503 4417 3718 haupt irgendwie zum Nutzen gereichen. Der Grundbaß
738 3685 4400 3880 eines jeden Accordes ist vielmehr stets der seiner
734 3816 4413 4055 Grundlage; der des Septimenaccordes h — d — f — a
723 3985 4388 4167 ist demnach h, gleich dem der Accorde h — dis — fis — a,
753 4145 4374 4346 h — d — f — as, h — dis — fis, h — d — fis, h — d
730 4271 2350 4486 — f, h — dis — fisis 2c.
934 4440 4386 4642 Mein Kritiker fährt in seinen Ausstellungen fort: „Ueber
686 4574 4397 4776 Orgelpunkt wird sehr wenig und nur Bekanntes gesagt. Ein¬
718 4761 4384 4954 zelner liegenden Töne, die nicht grade 1. oder 5. Stufe zu sein
717 4917 4374 5121 brauchen, wird nicht gedacht.” — Auch diese Beschuldi¬
704 5075 4392 5255 gungen sind völlig grundlos. Denn wenn ich mit wenigen
696 5211 4380 5397 Worten die Bedingungen des Anfanges, des Fortganges und
684 5375 4382 5536 des Ausganges eines Orgelpunkts gegeben habe, so ist das
698 5535 4378 5736 gerade ein Beweis, daß ich zum ersten Male die eigentliche
692 5683 4372 5855 Bedeutung desselben richtig erfaßt habe. Herrn Bagge's
699 5851 4360 6030 zweiter Satz aber enthält wiederum eine — Ungenauigkeit,
696 5995 4357 6152 denn S. 49 meiner Schrift sage ich nach Erwähnung der Be¬
676 6126 4374 6331 deutung eines Orgelpunktes auf der Oberdominante und der
683 6287 4386 6507 Tonica gegen das Ende eines Tonstückes: „Der Orgelpunkt
693 6448 4374 6666 kann auch über diesen beiden gleichzeitig ausgehaltenen Tönen
