<?xml version="1.0" encoding="UTF-8" standalone="yes"?>
<PcGts xmlns="http://schema.primaresearch.org/PAGE/gts/pagecontent/2013-07-15" xmlns:xsi="http://www.w3.org/2001/XMLSchema-instance" xsi:schemaLocation="http://schema.primaresearch.org/PAGE/gts/pagecontent/2013-07-15 http://schema.primaresearch.org/PAGE/gts/pagecontent/2013-07-15/pagecontent.xsd">
    <Metadata>
        <Creator>prov=University of Rostock/Institute of Mathematics/CITlab|PLANET AI GmbH/Gundram Leifert/gundram.leifert@planet-ai.de:name=ONB_Newseye_GT_M1+(htr_id=10810)::::v=2.6.7
prov=University of Rostock/Institute of Mathematics/CITlab|PLANET AI GmbH/Tobias Gruening/tobias.gruening@planet-ai.de:name=de.uros.citlab.module.baseline2polygon.B2PSeamMultiOriented:v=2.6.7
prov=University of Rostock/Institute of Mathematics/CITlab|PLANET AI GmbH/Tobias Gruening/tobias.gruening@planet-ai.de:name=/net_tf/LA73_249_0mod360.pb:de.uros.citlab.segmentation.CITlab_LA_ML:v=2.6.7
Transkribus</Creator>
        <Created>2021-02-19T15:36:42.900+01:00</Created>
        <LastChange>2021-08-20T18:42:54.107+02:00</LastChange>
        <TranskribusMetadata docId="742126" pageId="28196415" pageNr="8" tsid="63080677" status="DONE" userId="74363" imgUrl="https://files.transkribus.eu/Get?id=JXSNERMXVZACPAWYNDRPRJQV&amp;fileType=view" xmlUrl="https://files.transkribus.eu/Get?id=LAABSRBLHCTMUTVXQJJNOHBV" imageId="21963617"/>
    </Metadata>
    <Page imageFilename="Weitzmann1861-0008.jpg" imageWidth="5000" imageHeight="7437" type="content">
        <ReadingOrder>
            <OrderedGroup id="ro_1630573779298" caption="Regions reading order">
                <RegionRefIndexed index="0" regionRef="TextRegion_1614194998460_110"/>
                <RegionRefIndexed index="1" regionRef="TextRegion_1614194998440_109"/>
            </OrderedGroup>
        </ReadingOrder>
        <TextRegion orientation="0.0" type="paragraph" id="TextRegion_1614194998460_110" custom="readingOrder {index:0;} structure {type:paragraph;}">
            <Coords points="572,2292 4216,2292 4216,6285 572,6285"/>
            <TextLine id="r2l1" custom="readingOrder {index:0;} concept_mus {offset:17; length:11;} location {offset:44; length:7;}">
                <Coords points="583,2428 4219,2397 4219,2242 1096,2273 583,2164"/>
                <Baseline points="608,2382 787,2378 967,2376 1146,2373 1326,2372 1505,2370 1685,2370 1864,2370 2044,2370 2223,2370 2403,2372 2582,2372 2762,2372 2941,2374 3121,2374 3300,2374 3480,2374 3659,2372 3839,2372 4018,2370 4198,2366"/>
                <TextEquiv>
                    <Unicode>In einer bei der Tonkünstler-Versammlung zu Leipzig am</Unicode>
                </TextEquiv>
            </TextLine>
            <TextLine id="r2l2" custom="readingOrder {index:1;} time {offset:0; length:12;} work_text {offset:24; length:9;ID:W0038;} concept_mus {offset:43; length:14; continued:true;}">
                <Coords points="595,2536 4140,2588 4221,2398 595,2436"/>
                <Baseline points="616,2530 795,2528 974,2528 1153,2528 1332,2526 1511,2526 1690,2526 1869,2526 2048,2526 2227,2526 2407,2526 2586,2526 2765,2526 2944,2526 3123,2526 3302,2525 3481,2524 3660,2524 3839,2522 4018,2520 4198,2518"/>
                <TextEquiv>
                    <Unicode>3. Juni 1859 gehaltenen Vorlesung über die Geschichte der</Unicode>
                </TextEquiv>
            </TextLine>
            <TextLine id="r2l3" custom="readingOrder {index:2;} concept_mus {offset:0; length:8; continued:true;}">
                <Coords points="590,2712 4235,2740 4235,2586 3722,2542 590,2553"/>
                <Baseline points="614,2692 793,2688 973,2686 1153,2684 1333,2684 1513,2682 1692,2682 1872,2682 2052,2680 2232,2680 2412,2680 2591,2680 2771,2680 2951,2680 3131,2680 3311,2678 3490,2678 3670,2678 3850,2676 4030,2674 4210,2672"/>
                <TextEquiv>
                    <Unicode>Harmonie und ihrer Lehre, welche in den vier ersten Nummern</Unicode>
                </TextEquiv>
            </TextLine>
            <TextLine id="r2l4" custom="readingOrder {index:3;} work_text {offset:20; length:27;ID:W0010;} location {offset:50; length:7;}">
                <Coords points="578,2858 4214,2896 4109,2696 578,2717"/>
                <Baseline points="600,2834 779,2836 959,2838 1138,2838 1318,2838 1498,2838 1677,2838 1857,2838 2036,2836 2216,2836 2396,2834 2575,2834 2755,2832 2934,2832 3114,2830 3294,2830 3473,2830 3653,2830 3832,2832 4012,2834 4192,2836"/>
                <TextEquiv>
                    <Unicode>des 51. Bandes der „Neuen Zeitschrift für Musik” (Leipzig</Unicode>
                </TextEquiv>
            </TextLine>
            <TextLine id="r2l5" custom="readingOrder {index:4;}">
                <Coords points="570,3009 4210,3024 4210,2902 3892,2856 570,2859"/>
                <Baseline points="594,2992 773,2992 953,2992 1133,2992 1312,2992 1492,2992 1672,2992 1851,2992 2031,2992 2211,2992 2391,2992 2570,2992 2750,2992 2930,2990 3109,2990 3289,2990 3469,2990 3648,2990 3828,2990 4008,2990 4188,2990"/>
                <TextEquiv>
                    <Unicode>bei Kahnt) nachzusehen ist, und welcher die Ehre zu Theil ward,</Unicode>
                </TextEquiv>
            </TextLine>
            <TextLine id="r2l6" custom="readingOrder {index:5;} location {offset:9; length:6;} concept_mus {offset:16; length:13;}">
                <Coords points="573,3194 4154,3184 4208,3029 572,3040"/>
                <Baseline points="596,3150 775,3148 955,3148 1134,3148 1314,3146 1493,3146 1673,3146 1852,3146 2032,3146 2211,3146 2391,3146 2570,3146 2750,3146 2929,3146 3109,3146 3288,3144 3468,3144 3647,3144 3827,3142 4006,3142 4186,3140"/>
                <TextEquiv>
                    <Unicode>in einer Wiener Musik-Zeitung nachgedruckt zu werden, er¬</Unicode>
                </TextEquiv>
            </TextLine>
            <TextLine id="r2l7" custom="readingOrder {index:6;} textStyle {offset:29; length:7;fontSize:0.0; kerning:0; letterSpaced:true;} person_author {offset:29; length:7;ID:P0042;}">
                <Coords points="563,3322 4240,3334 4240,3216 4008,3153 563,3199"/>
                <Baseline points="586,3306 767,3304 949,3302 1130,3302 1312,3300 1493,3300 1675,3300 1856,3300 2038,3300 2219,3300 2401,3300 2582,3300 2764,3300 2945,3300 3127,3300 3308,3300 3490,3299 3671,3298 3853,3298 4034,3296 4216,3296"/>
                <TextEquiv>
                    <Unicode>wähnte ich des von Herrn Dr. Brendel ausgesetzten Preises</Unicode>
                </TextEquiv>
            </TextLine>
            <TextLine id="r2l8" custom="readingOrder {index:7;} concept_mus {offset:9; length:20;} concept_mus {offset:46; length:18; continued:true;}">
                <Coords points="606,3507 4214,3464 4132,3323 606,3344"/>
                <Baseline points="630,3458 808,3458 986,3456 1164,3456 1342,3456 1520,3456 1698,3456 1876,3456 2054,3456 2232,3456 2411,3456 2589,3456 2767,3456 2945,3456 3123,3456 3301,3454 3479,3454 3657,3452 3835,3451 4013,3449 4192,3446"/>
                <TextEquiv>
                    <Unicode>für eine theoretische Schrift, in welcher die harmonischen Frei¬</Unicode>
                </TextEquiv>
            </TextLine>
            <TextLine id="r2l9" custom="readingOrder {index:8;} concept_mus {offset:0; length:6; continued:true;} concept_mus {offset:23; length:10;} textStyle {offset:39; length:9;fontSize:0.0; kerning:0; letterSpaced:true;} person_composer {offset:39; length:9;ID:P0016;} textStyle {offset:50; length:5;fontSize:0.0; kerning:0; letterSpaced:true;} person_composer {offset:50; length:5; continued:true;ID:P0043;}">
                <Coords points="581,3675 4203,3630 4152,3494 3862,3476 580,3512"/>
                <Baseline points="602,3618 781,3616 960,3614 1139,3612 1318,3612 1497,3612 1676,3612 1855,3610 2034,3610 2213,3612 2392,3612 2571,3612 2750,3612 2929,3612 3108,3610 3287,3610 3466,3610 3645,3608 3824,3606 4003,3605 4182,3602"/>
                <TextEquiv>
                    <Unicode>heiten, die anerkannte Tonmeister, wie Beethoven, Schu¬</Unicode>
                </TextEquiv>
            </TextLine>
            <TextLine id="r2l10" custom="readingOrder {index:9;} textStyle {offset:0; length:4;fontSize:0.0; kerning:0; letterSpaced:true;} person_composer {offset:0; length:4; continued:true;ID:P0043;} textStyle {offset:6; length:7;fontSize:0.0; kerning:0; letterSpaced:true;} person_composer {offset:6; length:7;ID:P0044;} textStyle {offset:15; length:6;fontSize:0.0; kerning:0; letterSpaced:true;} person_composer {offset:15; length:6;ID:P0045;} textStyle {offset:23; length:5;fontSize:0.0; kerning:0; letterSpaced:true;} person_composer {offset:23; length:5;ID:P0046;}">
                <Coords points="571,3775 4225,3808 4165,3626 571,3680"/>
                <Baseline points="596,3768 776,3768 956,3768 1136,3768 1316,3768 1497,3768 1677,3768 1857,3768 2037,3768 2217,3768 2398,3768 2578,3766 2758,3766 2938,3766 3118,3766 3299,3764 3479,3764 3659,3762 3839,3762 4019,3760 4200,3760"/>
                <TextEquiv>
                    <Unicode>mann, Berlioz, Wagner, Liszt u. A. bereits erkämpft</Unicode>
                </TextEquiv>
            </TextLine>
            <TextLine id="r2l11" custom="readingOrder {index:10;}">
                <Coords points="583,3970 4223,3937 4222,3806 3678,3775 582,3806"/>
                <Baseline points="606,3926 785,3924 965,3924 1145,3922 1324,3922 1504,3922 1684,3922 1863,3922 2043,3922 2223,3920 2403,3920 2582,3920 2762,3920 2942,3920 3121,3920 3301,3918 3481,3918 3660,3916 3840,3916 4020,3914 4200,3912"/>
                <TextEquiv>
                    <Unicode>haben, nun auch als rechtlich begründet dargestellt werden soll¬</Unicode>
                </TextEquiv>
            </TextLine>
            <TextLine id="r2l12" custom="readingOrder {index:11;}">
                <Coords points="572,4111 4149,4139 4212,3939 572,3979"/>
                <Baseline points="596,4080 775,4080 955,4080 1135,4078 1314,4078 1494,4078 1674,4078 1853,4078 2033,4078 2213,4076 2393,4076 2572,4076 2752,4076 2932,4076 3111,4076 3291,4074 3471,4074 3650,4074 3830,4072 4010,4072 4190,4070"/>
                <TextEquiv>
                    <Unicode>ten. Zugleich deutete ich an, auf welche Weise eine solche</Unicode>
                </TextEquiv>
            </TextLine>
            <TextLine id="r2l13" custom="readingOrder {index:12;}">
                <Coords points="589,4266 4202,4249 4161,4140 3780,4100 589,4107"/>
                <Baseline points="610,4232 788,4230 967,4230 1145,4230 1324,4230 1502,4230 1681,4230 1859,4230 2038,4230 2216,4230 2395,4230 2573,4230 2752,4230 2930,4230 3109,4230 3287,4230 3466,4230 3644,4228 3823,4228 4001,4226 4180,4224"/>
                <TextEquiv>
                    <Unicode>Schrift aufgefaßt werden könnte. Viele der damals dort an¬</Unicode>
                </TextEquiv>
            </TextLine>
            <TextLine id="r2l14" custom="readingOrder {index:13;} concept_mus {offset:9; length:7;}">
                <Coords points="562,4429 4212,4430 4143,4240 562,4275"/>
                <Baseline points="586,4388 766,4388 946,4386 1126,4386 1306,4386 1486,4386 1666,4386 1846,4386 2026,4386 2206,4386 2387,4386 2567,4386 2747,4386 2927,4386 3107,4386 3287,4386 3467,4386 3647,4384 3827,4384 4007,4382 4188,4382"/>
                <TextEquiv>
                    <Unicode>wesenden Musiker drückten hierauf den Wunsch aus, daß ich</Unicode>
                </TextEquiv>
            </TextLine>
            <TextLine id="r2l15" custom="readingOrder {index:14;}">
                <Coords points="581,4593 4044,4594 4230,4553 4230,4417 581,4429"/>
                <Baseline points="604,4542 784,4540 964,4540 1144,4540 1324,4540 1505,4540 1685,4540 1865,4540 2045,4540 2225,4540 2406,4540 2586,4540 2766,4540 2946,4540 3126,4540 3307,4540 3487,4538 3667,4538 3847,4538 4027,4536 4208,4534"/>
                <TextEquiv>
                    <Unicode>selbst mich bei der deshalb eröffneten Concurrenz betheiligen</Unicode>
                </TextEquiv>
            </TextLine>
            <TextLine id="line_1614195040680_142" custom="readingOrder {index:15;}">
                <Coords points="565,4714 4224,4732 4223,4583 3937,4556 565,4601"/>
                <Baseline points="590,4696 682,4697 775,4698 867,4698 960,4700 1052,4700 1145,4698 1237,4698 1330,4698 1422,4696 1515,4696 1607,4696 1700,4694 1792,4694 1885,4694 1977,4694 2070,4694 2162,4696 2255,4698 2347,4700 2440,4702 2540,4700 2623,4700 2706,4698 2789,4698 2872,4696 2955,4696 3038,4696 3121,4694 3204,4694 3287,4693 3370,4692 3453,4692 3536,4692 3619,4690 3702,4690 3785,4690 3868,4690 3951,4688 4034,4688 4117,4688 4200,4688"/>
                <TextEquiv>
                    <Unicode>möchte. Auf meine Erwiederung, daß ich schon als Preisrichter</Unicode>
                </TextEquiv>
            </TextLine>
            <TextLine id="line_1614195057058_164" custom="readingOrder {index:16;}">
                <Coords points="570,4887 4215,4909 4215,4773 3938,4710 570,4715"/>
                <Baseline points="594,4848 688,4850 782,4852 876,4852 970,4854 1064,4854 1158,4854 1252,4854 1346,4852 1440,4852 1535,4852 1629,4852 1723,4850 1817,4850 1911,4850 2005,4850 2099,4850 2193,4850 2287,4850 2381,4852 2476,4852 2560,4854 2641,4852 2723,4852 2804,4852 2886,4852 2968,4852 3049,4850 3131,4850 3212,4850 3294,4848 3376,4848 3457,4848 3539,4848 3620,4848 3702,4848 3784,4846 3865,4846 3947,4846 4028,4848 4110,4848 4192,4848"/>
                <TextEquiv>
                    <Unicode>bei dieser Angelegenheit bethätigt sei, wurde mir nachgewiesen,</Unicode>
                </TextEquiv>
            </TextLine>
            <TextLine id="r2l20" custom="readingOrder {index:17;}">
                <Coords points="568,5023 4217,5035 4216,4913 3912,4873 567,4887"/>
                <Baseline points="592,5010 772,5008 952,5008 1132,5008 1312,5008 1493,5008 1673,5008 1853,5008 2033,5008 2213,5008 2394,5008 2574,5008 2754,5006 2934,5006 3114,5006 3295,5004 3475,5003 3655,5002 3835,5000 4015,4998 4196,4996"/>
                <TextEquiv>
                    <Unicode>daß in der Einladung zu dieser Concurrenz etwaige Arbeiten</Unicode>
                </TextEquiv>
            </TextLine>
            <TextLine id="r2l21" custom="readingOrder {index:18;}">
                <Coords points="561,5200 4165,5215 4223,5056 560,5023"/>
                <Baseline points="582,5162 762,5162 943,5162 1124,5162 1305,5162 1486,5162 1667,5162 1848,5160 2029,5160 2210,5160 2391,5160 2571,5160 2752,5160 2933,5158 3114,5158 3295,5158 3476,5158 3657,5156 3838,5156 4019,5154 4200,5154"/>
                <TextEquiv>
                    <Unicode>der drei Preisrichter nicht ausgeschlossen seien, da, wenn auch</Unicode>
                </TextEquiv>
            </TextLine>
            <TextLine id="r2l22" custom="readingOrder {index:19;}">
                <Coords points="556,5336 4078,5357 4209,5343 4209,5202 555,5218"/>
                <Baseline points="578,5318 758,5317 939,5316 1119,5316 1300,5314 1480,5314 1661,5314 1841,5314 2022,5314 2202,5316 2383,5316 2563,5316 2744,5316 2924,5316 3105,5314 3285,5314 3466,5312 3646,5312 3827,5310 4007,5306 4188,5304"/>
                <TextEquiv>
                    <Unicode>einer derselben die Beurtheilung eines bestimmten Werkes ab¬</Unicode>
                </TextEquiv>
            </TextLine>
            <TextLine id="r2l23" custom="readingOrder {index:20;}">
                <Coords points="574,5504 3860,5527 4223,5485 4222,5335 573,5359"/>
                <Baseline points="594,5472 774,5474 954,5474 1134,5474 1314,5474 1495,5474 1675,5474 1855,5474 2035,5474 2215,5474 2396,5474 2576,5472 2756,5472 2936,5472 3116,5470 3297,5470 3477,5468 3657,5467 3837,5466 4017,5464 4198,5462"/>
                <TextEquiv>
                    <Unicode>lehnen sollte, den beiden andern Richtern immer dennoch das</Unicode>
                </TextEquiv>
            </TextLine>
            <TextLine id="r2l24" custom="readingOrder {index:21;}">
                <Coords points="575,5664 4156,5690 4224,5486 575,5505"/>
                <Baseline points="600,5632 780,5630 960,5628 1140,5628 1320,5628 1500,5626 1680,5626 1860,5626 2040,5628 2220,5628 2401,5628 2581,5628 2761,5628 2941,5628 3121,5628 3301,5628 3481,5626 3661,5626 3841,5624 4021,5622 4202,5620"/>
                <TextEquiv>
                    <Unicode>Auszeichnen oder das Verwerfen desselben frei stehe. Hierdurch</Unicode>
                </TextEquiv>
            </TextLine>
            <TextLine id="r2l25" custom="readingOrder {index:22;} concept_mus {offset:49; length:9; continued:true;}">
                <Coords points="566,5808 4197,5824 4083,5647 565,5681"/>
                <Baseline points="588,5782 767,5782 946,5782 1126,5782 1305,5782 1485,5782 1664,5782 1843,5782 2023,5782 2202,5782 2382,5782 2561,5782 2740,5782 2920,5782 3099,5782 3279,5780 3458,5779 3637,5778 3817,5776 3996,5773 4176,5770"/>
                <TextEquiv>
                    <Unicode>ermuthigt, unternahm ich die Ausarbeitung meines Harmonie¬</Unicode>
                </TextEquiv>
            </TextLine>
            <TextLine id="r2l26" custom="readingOrder {index:23;} concept_mus {offset:0; length:8; continued:true;}">
                <Coords points="587,5990 1108,5898 1454,5998 4218,5961 4217,5839 3909,5807 586,5809"/>
                <Baseline points="610,5940 789,5938 968,5938 1147,5936 1327,5936 1506,5936 1685,5936 1865,5936 2044,5936 2223,5936 2403,5936 2582,5936 2761,5936 2940,5936 3120,5936 3299,5936 3478,5934 3658,5934 3837,5932 4016,5930 4196,5928"/>
                <TextEquiv>
                    <Unicode>systemes, welche das Glück hatte, von den beiden anderen</Unicode>
                </TextEquiv>
            </TextLine>
            <TextLine id="r2l27" custom="readingOrder {index:24;}">
                <Coords points="603,6149 4143,6155 4220,5987 602,5981"/>
                <Baseline points="624,6098 802,6096 981,6094 1159,6094 1338,6092 1517,6092 1695,6092 1874,6092 2052,6092 2231,6092 2410,6092 2588,6092 2767,6092 2945,6092 3124,6092 3303,6092 3481,6090 3660,6090 3838,6088 4017,6086 4196,6084"/>
                <TextEquiv>
                    <Unicode>Herren Preisrichtern als die Beste erkannt und mit dem Preise</Unicode>
                </TextEquiv>
            </TextLine>
            <TextLine id="line_1614194998553_113" custom="readingOrder {index:25;}">
                <Coords points="598,6306 1033,6264 1101,6318 1142,6277 1687,6266 1686,6157 1500,6158 1450,6117 1301,6154 992,6123 942,6155 783,6115 683,6165 597,6143"/>
                <Baseline points="620,6258 672,6253 724,6250 776,6246 828,6245 880,6244 932,6242 984,6242 1036,6242 1088,6242 1141,6244 1193,6244 1245,6244 1297,6246 1349,6246 1401,6246 1453,6246 1505,6246 1557,6246 1609,6244 1662,6242"/>
                <TextEquiv>
                    <Unicode>gekrönt zu werden.</Unicode>
                </TextEquiv>
            </TextLine>
            <TextEquiv>
                <Unicode>In einer bei der Tonkünstler-Versammlung zu Leipzig am&#13;
3. Juni 1859 gehaltenen Vorlesung über die Geschichte der&#13;
Harmonie und ihrer Lehre, welche in den vier ersten Nummern&#13;
des 51. Bandes der „Neuen Zeitschrift für Musik” (Leipzig&#13;
bei Kahnt) nachzusehen ist, und welcher die Ehre zu Theil ward,&#13;
in einer Wiener Musik-Zeitung nachgedruckt zu werden, er¬&#13;
wähnte ich des von Herrn Dr. Brendel ausgesetzten Preises&#13;
für eine theoretische Schrift, in welcher die harmonischen Frei¬&#13;
heiten, die anerkannte Tonmeister, wie Beethoven, Schu¬&#13;
mann, Berlioz, Wagner, Liszt u. A. bereits erkämpft&#13;
haben, nun auch als rechtlich begründet dargestellt werden soll¬&#13;
ten. Zugleich deutete ich an, auf welche Weise eine solche&#13;
Schrift aufgefaßt werden könnte. Viele der damals dort an¬&#13;
wesenden Musiker drückten hierauf den Wunsch aus, daß ich&#13;
selbst mich bei der deshalb eröffneten Concurrenz betheiligen&#13;
möchte. Auf meine Erwiederung, daß ich schon als Preisrichter&#13;
bei dieser Angelegenheit bethätigt sei, wurde mir nachgewiesen,&#13;
daß in der Einladung zu dieser Concurrenz etwaige Arbeiten&#13;
der drei Preisrichter nicht ausgeschlossen seien, da, wenn auch&#13;
einer derselben die Beurtheilung eines bestimmten Werkes ab¬&#13;
lehnen sollte, den beiden andern Richtern immer dennoch das&#13;
Auszeichnen oder das Verwerfen desselben frei stehe. Hierdurch&#13;
ermuthigt, unternahm ich die Ausarbeitung meines Harmonie¬&#13;
systemes, welche das Glück hatte, von den beiden anderen&#13;
Herren Preisrichtern als die Beste erkannt und mit dem Preise&#13;
gekrönt zu werden.</Unicode>
            </TextEquiv>
        </TextRegion>
        <TextRegion orientation="0.0" id="TextRegion_1614194998440_109" custom="readingOrder {index:1;} structure {type:paragraph-continued;}">
            <Coords points="572,6285 4216,6285 4216,6753 572,6753"/>
            <TextLine id="r2l29" custom="readingOrder {index:0;} concept_mus {offset:29; length:9;} concept_mus {offset:43; length:10;}">
                <Coords points="798,6444 4220,6430 4170,6263 798,6272"/>
                <Baseline points="822,6398 990,6398 1159,6400 1328,6400 1497,6402 1666,6402 1834,6402 2003,6402 2172,6402 2341,6402 2510,6400 2678,6400 2847,6400 3016,6400 3185,6398 3354,6398 3522,6398 3691,6398 3860,6396 4029,6396 4198,6396"/>
                <TextEquiv>
                    <Unicode>Eine erste wissenschaftliche Grammatik der Tonsprache hat</Unicode>
                </TextEquiv>
            </TextLine>
            <TextLine id="r2l30" custom="readingOrder {index:1;} person_author {offset:30; length:12;ID:P0007;} textStyle {offset:33; length:9;fontSize:0.0; kerning:0; letterSpaced:true;}">
                <Coords points="559,6581 4217,6573 4217,6455 3985,6410 559,6422"/>
                <Baseline points="582,6556 762,6556 943,6556 1123,6556 1304,6556 1484,6556 1665,6556 1845,6556 2026,6556 2206,6556 2387,6558 2567,6558 2748,6558 2928,6558 3109,6556 3289,6556 3470,6556 3650,6554 3831,6553 4011,6552 4192,6550"/>
                <TextEquiv>
                    <Unicode>uns mein hochverehrter Lehrer M. Hauptmann gegeben,</Unicode>
                </TextEquiv>
            </TextLine>
            <TextLine id="r2l31" custom="readingOrder {index:2;} work_text {offset:36; length:9;ID:W0038;}">
                <Coords points="549,6725 4217,6756 4130,6579 549,6589"/>
                <Baseline points="572,6710 753,6711 934,6712 1115,6714 1296,6714 1477,6714 1658,6716 1839,6716 2020,6716 2201,6716 2382,6716 2563,6714 2744,6714 2925,6712 3106,6712 3287,6710 3468,6708 3649,6707 3830,6705 4011,6702 4192,6700"/>
                <TextEquiv>
                    <Unicode>wie ich schon in der oben erwähnten Vorlesung öffentlich und</Unicode>
                </TextEquiv>
            </TextLine>
            <TextEquiv>
                <Unicode>Eine erste wissenschaftliche Grammatik der Tonsprache hat
uns mein hochverehrter Lehrer M. Hauptmann gegeben,
wie ich schon in der oben erwähnten Vorlesung öffentlich und</Unicode>
            </TextEquiv>
        </TextRegion>
    </Page>
</PcGts>
