5000 7341
2387 362 2619 546 25
716 613 4380 852 will, ein Tonstück oft zu schließen, das ist mir aus seinen
712 835 2377 1016 Worten nicht klar geworden.
976 970 4343 1169 Herrn B. ist es unverstandlich geblieben, wenn ich im letz¬
709 1106 4333 1296 ten Abschnitte meiner Schrift behaupte, daß die neuere Ton¬
707 1275 4345 1440 kunst die chromatischen und enharmonischen Töne anders auf¬
746 1421 4357 1622 fasse als die ältere. Er bekennt nicht zu wissen, daß die
713 1591 4346 1777 ältere jeden chromatischen Ton als Bestandtheil einer Harmonie
719 1741 4347 1910 derjenigen Tonart betrachte, in welcher er eben keinen chro¬
719 1925 4352 2089 matischen, sondern einen Stammton bilde. Da ihm
719 2036 4361 2214 nun Hauptmann in dieser Angelegenheit doch gewiß als
734 2202 4354 2349 Autorität gelten wird, so führe ich dessen meinen oben aufge¬
747 2330 4331 2530 stellten Satz beweisende Worte aus seiner Harmonik (S. 164)
731 2492 4341 2661 hier an: „— es kann eben kein melodischer Ton anders eine
717 2645 4345 2830 Bestimmtheit erhalten haben, als daß er als Grundton, Terz
733 2794 4366 3005 oder Quint eines Dreiklanges gefaßt wurde. Ebenso wird die
734 2950 4358 3154 chromatische über dem liegenden Dreiklange sich bewegende
715 3122 4348 3294 Tonleiter sich nur durch eine von diesem Accorde unab¬
731 3251 4369 3440 hängige Verbindung construiren können, in welcher die
727 3406 4365 3609 chromatischen Töne ihre zusammenhängende Fortschreitung fin¬
718 3580 4365 3739 den, und zwar in einer Weise, daß auch die mit den Stufen
712 3715 4349 3869 des liegenden Dreiklanges zusammentreffenden Töne ihre Be¬
717 3860 4355 4041 deutung nicht aus diesem Accorde erhalten, sondern die,
730 4037 4358 4210 welche ihnen durch die Accorde des verbundenen Fortganges
722 4177 4364 4394 zukommt, die mit jener zusammenfallen, aber auch verschieden
760 4331 1377 4520 sein kann.”
957 4458 4368 4682 Mein dem oben erwähnten folgender Satz sagt nun, daß
725 4658 4367 4822 die neuere Harmonielehre, im Gegensatze zur älteren, die
736 4817 4360 4978 chromatischen Töne so lange als Nebentöne einer bestimm¬
723 4978 4365 5142 ten Tonart auffasse, bis sich dieselben durch eine Auswei¬
737 5104 4361 5276 chung zu Stammtönen einer von dieser verschiedenen Tonart
725 5257 4371 5434 erheben. Nur nach dieser Lehre sind die von mir mitgetheilten
724 5398 4339 5575 Beispiele von Beethoven und Hauptmann zu erklären,
739 5567 4354 5744 und dieselbe liegt auch den weiterhin von mir gegebenen Zu¬
769 5706 4365 5880 sammenklängen zu Grunde. Diese letzteren haben jedoch nur
715 5858 4366 6057 den Zweck, dergleichen von anerkannten Tonmeistern absichtlich
737 6003 4351 6157 aufgesuchte Härten zu erklären und zu rechtfertigen, und erhal¬
720 6155 4367 6349 ten eine verständliche Bedeutung erst, wenn sie als organische
756 6303 4370 6520 Glieder einer musikalischen Phrase auftreten. So z. B. der
