<?xml version="1.0" encoding="UTF-8" standalone="yes"?>
<PcGts xmlns="http://schema.primaresearch.org/PAGE/gts/pagecontent/2013-07-15" xmlns:xsi="http://www.w3.org/2001/XMLSchema-instance" xsi:schemaLocation="http://schema.primaresearch.org/PAGE/gts/pagecontent/2013-07-15 http://schema.primaresearch.org/PAGE/gts/pagecontent/2013-07-15/pagecontent.xsd">
    <Metadata>
        <Creator>prov=University of Rostock/Institute of Mathematics/CITlab|PLANET AI GmbH/Gundram Leifert/gundram.leifert@planet-ai.de:name=ONB_Newseye_GT_M1+(htr_id=10810)::::v=2.6.7
prov=University of Rostock/Institute of Mathematics/CITlab|PLANET AI GmbH/Tobias Gruening/tobias.gruening@planet-ai.de:name=de.uros.citlab.module.baseline2polygon.B2PSeamMultiOriented:v=2.6.7
prov=University of Rostock/Institute of Mathematics/CITlab|PLANET AI GmbH/Tobias Gruening/tobias.gruening@planet-ai.de:name=/net_tf/LA73_249_0mod360.pb:de.uros.citlab.segmentation.CITlab_LA_ML:v=2.6.7
Transkribus</Creator>
        <Created>2021-02-19T15:36:43.059+01:00</Created>
        <LastChange>2021-08-20T18:47:07.368+02:00</LastChange>
        <TranskribusMetadata docId="742126" pageId="28196446" pageNr="13" tsid="63080913" status="DONE" userId="74363" imgUrl="https://files.transkribus.eu/Get?id=YDSSBMRTEXXAOGNBUQMOUNUS&amp;fileType=view" xmlUrl="https://files.transkribus.eu/Get?id=ZHZUKXZGQASZUDBLEWCWZRCG" imageId="21963648"/>
    </Metadata>
    <Page imageFilename="Weitzmann1861-0013.jpg" imageWidth="5000" imageHeight="7437" type="content">
        <ReadingOrder>
            <OrderedGroup id="ro_1630573780561" caption="Regions reading order">
                <RegionRefIndexed index="0" regionRef="region_1614196119915_779"/>
                <RegionRefIndexed index="1" regionRef="TextRegion_1614196104800_773"/>
                <RegionRefIndexed index="2" regionRef="TextRegion_1614196104800_772"/>
                <RegionRefIndexed index="4" regionRef="TextRegion_1614196091575_764"/>
            </OrderedGroup>
        </ReadingOrder>
        <TextRegion type="page-number" id="region_1614196119915_779" custom="readingOrder {index:0;} structure {type:page-number;}">
            <Coords points="2600,580 2600,636 2696,636 2696,580"/>
            <TextLine id="line_1614196119988_782" custom="readingOrder {index:0;}">
                <Coords points="2579,653 2663,659 2680,644 2711,650 2722,490 2698,489 2679,475 2670,483 2590,478"/>
                <Baseline points="2600,625 2693,631"/>
                <TextEquiv>
                    <Unicode>8</Unicode>
                </TextEquiv>
            </TextLine>
            <TextEquiv>
                <Unicode>8</Unicode>
            </TextEquiv>
        </TextRegion>
        <TextRegion orientation="0.0" type="paragraph" id="TextRegion_1614196104800_773" custom="readingOrder {index:1;} structure {type:paragraph;}">
            <Coords points="800,864 4440,864 4433,1744 793,1744"/>
            <TextLine id="r2l1" custom="readingOrder {index:0;} concept_mus {offset:21; length:6;} concept_mus {offset:37; length:7;}">
                <Coords points="1031,944 4113,1016 4453,847 2461,708 2320,820 1033,759"/>
                <Baseline points="1054,926 1222,928 1391,928 1560,930 1729,932 1898,933 2066,934 2235,936 2404,938 2573,938 2742,940 2910,941 3079,942 3248,944 3417,946 3586,946 3754,948 3923,950 4092,952 4261,954 4430,956"/>
                <TextEquiv>
                    <Unicode>Die hierauf folgende Phrase ist eine Sequenz der vor¬</Unicode>
                </TextEquiv>
            </TextLine>
            <TextLine id="r2l2" custom="readingOrder {index:1;} concept_mus {offset:11; length:18;} textStyle {offset:48; length:5;fontSize:0.0; kerning:0; letterSpaced:true;} person_author {offset:48; length:5;ID:P0047;}">
                <Coords points="847,1129 4326,1173 4449,1129 4451,930 2755,1031 849,953"/>
                <Baseline points="872,1080 1049,1082 1227,1084 1405,1086 1582,1088 1760,1090 1938,1090 2115,1090 2293,1092 2471,1092 2649,1094 2826,1096 3004,1096 3182,1098 3359,1100 3537,1102 3715,1106 3892,1110 4070,1114 4248,1118 4426,1124"/>
                <TextEquiv>
                    <Unicode>stehenden. Quarten-Parallelen aber, welche Herr Bagge</Unicode>
                </TextEquiv>
            </TextLine>
            <TextLine id="r2l3" custom="readingOrder {index:2;} textStyle {offset:9; length:5;fontSize:0.0; kerning:0; letterSpaced:true;} person_composer {offset:9; length:5;ID:P0046;}">
                <Coords points="807,1281 4313,1324 4437,1154 808,1150"/>
                <Baseline points="832,1234 1011,1236 1190,1238 1369,1240 1548,1241 1727,1242 1906,1244 2085,1246 2264,1248 2443,1248 2622,1250 2801,1252 2980,1253 3159,1254 3338,1256 3517,1258 3696,1258 3875,1260 4054,1262 4233,1264 4412,1266"/>
                <TextEquiv>
                    <Unicode>oben bei Liszt in einem diesem Meister gegenüber keineswegs</Unicode>
                </TextEquiv>
            </TextLine>
            <TextLine id="r2l4" custom="readingOrder {index:3;}">
                <Coords points="803,1434 4011,1483 4432,1436 4433,1305 804,1284"/>
                <Baseline points="826,1400 1005,1398 1184,1398 1363,1396 1542,1398 1722,1398 1901,1398 2080,1400 2259,1400 2438,1402 2618,1404 2797,1406 2976,1408 3155,1410 3334,1412 3514,1414 3693,1414 3872,1416 4051,1416 4230,1418 4410,1418"/>
                <TextEquiv>
                    <Unicode>geziemenden Tone rügt, kann derselbe z. B. zu je zweien und</Unicode>
                </TextEquiv>
            </TextLine>
            <TextLine id="r2l5" custom="readingOrder {index:4;} concept_mus {offset:45; length:6;}">
                <Coords points="803,1571 4350,1627 4465,1447 805,1440"/>
                <Baseline points="826,1544 1006,1546 1187,1547 1368,1548 1548,1550 1729,1552 1910,1552 2090,1554 2271,1556 2452,1558 2633,1560 2813,1562 2994,1562 3175,1564 3355,1566 3536,1568 3717,1570 3897,1572 4078,1574 4259,1576 4440,1578"/>
                <TextEquiv>
                    <Unicode>dreien und zwar ganz leer auftretend, in dem Finale der</Unicode>
                </TextEquiv>
            </TextLine>
            <TextLine id="line_1614196104820_776" custom="readingOrder {index:5;} person_composer {offset:0; length:12;ID:P0015;} textStyle {offset:0; length:6;fontSize:0.0; kerning:0; letterSpaced:true;} work_music {offset:13; length:16;ID:W0044;}">
                <Coords points="815,1723 3192,1766 3318,1740 3319,1641 816,1565"/>
                <Baseline points="836,1698 959,1700 1082,1702 1205,1702 1328,1704 1451,1704 1574,1705 1697,1706 1820,1706 1943,1708 2066,1708 2189,1708 2312,1710 2435,1710 2558,1710 2681,1712 2804,1712 2927,1714 3050,1716 3173,1716 3296,1718"/>
                <TextEquiv>
                    <Unicode>Mozart'schen Jupiter-Sinfonie nachsehen.</Unicode>
                </TextEquiv>
            </TextLine>
            <TextEquiv>
                <Unicode>Die hierauf folgende Phrase ist eine Sequenz der vor¬&#13;
stehenden. Quarten-Parallelen aber, welche Herr Bagge&#13;
oben bei Liszt in einem diesem Meister gegenüber keineswegs&#13;
geziemenden Tone rügt, kann derselbe z. B. zu je zweien und&#13;
dreien und zwar ganz leer auftretend, in dem Finale der&#13;
Mozart'schen Jupiter-Sinfonie nachsehen.</Unicode>
            </TextEquiv>
        </TextRegion>
        <TextRegion orientation="0.0" id="TextRegion_1614196104800_772" custom="readingOrder {index:2;} structure {type:paragraph-continued;}">
            <Coords points="793,1744 4433,1744 4431,2064 791,2064"/>
            <TextLine id="r2l7" custom="readingOrder {index:0;} textStyle {offset:40; length:10;fontSize:0.0; kerning:0; letterSpaced:true;} person_composer {offset:40; length:10;ID:P0016;}">
                <Coords points="1024,1857 4448,1949 4450,1760 1024,1767"/>
                <Baseline points="1046,1856 1215,1856 1384,1858 1553,1859 1722,1860 1891,1862 2060,1863 2229,1864 2398,1866 2567,1868 2736,1870 2905,1870 3074,1872 3243,1874 3412,1876 3581,1876 3750,1878 3919,1880 4088,1880 4257,1882 4426,1882"/>
                <TextEquiv>
                    <Unicode>Die ebenfalls oft besprochene Stelle in Beethovens</Unicode>
                </TextEquiv>
            </TextLine>
            <TextLine id="r2l8" custom="readingOrder {index:1;} work_music {offset:0; length:6;ID:W0045;}">
                <Coords points="796,2064 841,2043 927,2067 973,2033 1050,2026 1148,2069 1185,2034 1226,2048 1249,2026 1285,2036 1288,1901 1207,1912 1099,1878 976,1906 869,1835 801,1843"/>
                <Baseline points="822,2006 847,2006 873,2008 899,2008 925,2010 951,2010 977,2010 1003,2010 1029,2010 1054,2010 1080,2012 1106,2012 1132,2012 1158,2014 1184,2015 1210,2017 1236,2018 1262,2020"/>
                <TextEquiv>
                    <Unicode>Eroica:</Unicode>
                </TextEquiv>
            </TextLine>
            <TextEquiv>
                <Unicode>Die ebenfalls oft besprochene Stelle in Beethovens
Eroica:</Unicode>
            </TextEquiv>
        </TextRegion>
        <MusicRegion id="Music_1614196200357_801" custom="readingOrder {index:3;} structure {type:floating;}">
            <Coords points="791,2064 4431,2064 4415,4581 775,4581"/>
        </MusicRegion>
        <TextRegion orientation="0.0" id="TextRegion_1614196091575_764" custom="readingOrder {index:4;} structure {type:paragraph-continued;}">
            <Coords points="775,4581 4415,4581 4409,5547 769,5547"/>
            <TextLine id="r2l26" custom="readingOrder {index:0;} textStyle {offset:23; length:12;fontSize:0.0; kerning:0; letterSpaced:true;}">
                <Coords points="785,4716 4382,4747 4384,4580 4144,4551 787,4571"/>
                <Baseline points="808,4690 985,4690 1163,4692 1340,4693 1518,4694 1695,4696 1873,4698 2050,4700 2228,4702 2405,4704 2583,4707 2760,4708 2938,4710 3115,4712 3293,4714 3470,4714 3648,4716 3825,4716 4003,4716 4180,4716 4358,4714"/>
                <TextEquiv>
                    <Unicode>hat bisher nur bei den Aesthetikern eine „Entschuldigung”</Unicode>
                </TextEquiv>
            </TextLine>
            <TextLine id="r2l27" custom="readingOrder {index:1;} concept_mus {offset:27; length:6;}">
                <Coords points="809,4892 4325,4925 4426,4741 811,4724"/>
                <Baseline points="834,4844 1012,4844 1190,4846 1369,4846 1547,4848 1726,4850 1904,4852 2082,4854 2261,4856 2439,4858 2618,4860 2796,4862 2974,4864 3153,4866 3331,4868 3510,4868 3688,4868 3866,4868 4045,4868 4223,4868 4402,4866"/>
                <TextEquiv>
                    <Unicode>finden können. Nach meinem System findet sie eine natürliche</Unicode>
                </TextEquiv>
            </TextLine>
            <TextLine id="r2l28" custom="readingOrder {index:2;} concept_mus {offset:0; length:22;} textStyle {offset:0; length:12;fontSize:0.0; kerning:0; letterSpaced:true;} m_note {offset:37; length:4;} m_note {offset:42; length:2;} m_note {offset:49; length:1;}">
                <Coords points="791,5028 4406,5087 4408,4888 793,4892"/>
                <Baseline points="816,4996 994,4998 1173,5000 1351,5002 1530,5004 1708,5006 1887,5007 2065,5009 2244,5011 2422,5012 2601,5014 2779,5016 2958,5018 3136,5020 3315,5022 3493,5022 3672,5024 3850,5024 4029,5024 4207,5026 4386,5026"/>
                <TextEquiv>
                    <Unicode>theoretische Erklärung, wenn man die Töne es und g des</Unicode>
                </TextEquiv>
            </TextLine>
            <TextLine id="r2l29" custom="readingOrder {index:3;} concept_mus {offset:0; length:6;} textStyle {offset:11; length:11;fontSize:0.0; kerning:0; letterSpaced:true;} textStyle {offset:29; length:16;fontSize:0.0; kerning:0; letterSpaced:true;} concept_mus {offset:46; length:4; continued:true;}">
                <Coords points="792,5212 4403,5184 4219,5051 794,5027"/>
                <Baseline points="816,5154 994,5154 1172,5156 1350,5158 1528,5160 1707,5162 1885,5164 2063,5166 2241,5168 2419,5170 2598,5172 2776,5174 2954,5176 3132,5177 3310,5178 3489,5180 3667,5180 3845,5180 4023,5180 4201,5178 4380,5178"/>
                <TextEquiv>
                    <Unicode>Hornes als regelmäßige, aber frei auftretende Ver¬</Unicode>
                </TextEquiv>
            </TextLine>
            <TextLine id="r2l30" custom="readingOrder {index:4;} concept_mus {offset:0; length:10; continued:true;} m_note {offset:15; length:4;} m_note {offset:20; length:1;} m_note {offset:26; length:1;} concept_mus {offset:43; length:9;}">
                <Coords points="805,5362 3818,5399 4397,5350 4398,5242 806,5209"/>
                <Baseline points="826,5310 1003,5310 1181,5310 1358,5312 1536,5312 1713,5314 1891,5316 2068,5318 2246,5319 2423,5322 2601,5324 2778,5326 2956,5328 3133,5330 3311,5332 3488,5334 3666,5334 3843,5336 4021,5336 4198,5336 4376,5336"/>
                <TextEquiv>
                    <Unicode>zögerungen der Töne d und f des vom ganzen Orchester an¬</Unicode>
                </TextEquiv>
            </TextLine>
            <TextLine id="r2l31" custom="readingOrder {index:5;} m_chord {offset:21; length:24;}">
                <Coords points="779,5546 3536,5477 3910,5575 4159,5532 4160,5378 780,5384"/>
                <Baseline points="800,5474 966,5472 1133,5470 1300,5470 1467,5470 1634,5470 1800,5472 1967,5472 2134,5474 2301,5476 2468,5478 2634,5480 2801,5482 2968,5484 3135,5486 3302,5488 3468,5490 3635,5490 3802,5490 3969,5491 4136,5490"/>
                <TextEquiv>
                    <Unicode>gegebenen, folgenden Dominantseptimenaccordes betrachtet:</Unicode>
                </TextEquiv>
            </TextLine>
            <TextEquiv>
                <Unicode>hat bisher nur bei den Aesthetikern eine „Entschuldigung”&#13;
finden können. Nach meinem System findet sie eine natürliche&#13;
theoretische Erklärung, wenn man die Töne es und g des&#13;
Hornes als regelmäßige, aber frei auftretende Ver¬&#13;
zögerungen der Töne d und f des vom ganzen Orchester an¬&#13;
gegebenen, folgenden Dominantseptimenaccordes betrachtet:</Unicode>
            </TextEquiv>
        </TextRegion>
        <MusicRegion id="Music_1614196153856_791" custom="readingOrder {index:5;} structure {type:floating;}">
            <Coords points="769,5547 4409,5547 4401,6877 761,6877"/>
        </MusicRegion>
    </Page>
</PcGts>
