5000 7512
2587 407 2842 670 18
866 714 4560 979 Satz beginnt unmittelbar nach demselben in G dur. Schwer¬
843 902 4526 1103 lich aber würde dieser feinfühlende Tonmeister nach jenem An¬
825 1101 4557 1262 dante in Des dur ein Tonstück in einer dieser fast gar nicht
835 1237 4573 1446 mehr verwandten Tonart, wie H dur oder Es dur haben folgen
840 1386 4553 1618 lassen, während er hier die „Tonart der Mitte” mit Be¬
859 1537 4572 1760 stimmtheit als Verwandte der ersteren bezeichnet. — Von einer
805 1687 4537 1878 solchen, absichtlich von mir als „mystisch” bezeichneten Ver¬
835 1885 4533 2072 wandtschaft ist eigentlich Niemand berechtigt, eine nähere „Auf¬
835 2019 4558 2237 klärung” zu verlangen, doch aber ergiebt sich diese durch die
816 2192 4547 2369 Betrachtung der vom Verstande leicht zu fassenden „geometri¬
847 2336 4556 2686 schen Theilung der Octave”: $$GRAPHIC. Die Töne
834 2629 4542 2862 dieses Verhältnisses haben nämlich gewiß ein eben so gutes
835 2784 4548 3013 Recht zur Tonica erhoben und sodann zu modulatorischen
823 2979 4526 3172 Gegensätzen benutzt zu werden, als die der „harmonischen”:
835 3111 4526 3314 G — G — C und der „arithmetischen Theilung der Octave”:
835 3233 1750 3436 C — F — C.
1042 3423 4555 3617 Weiterhin belehrt mich mein Kritiker, daß Beethoven im
823 3579 4535 3795 Finale seiner Eroica die Tonarten G moll und C dur auf ein¬
794 3748 4537 3935 ander folgen lasse, „freilich in künstlerischer Weise durch einen
805 3913 4531 4074 einzelnen Halteton vermittelt”; er vergißt aber dabei, daß die
822 4040 4525 4263 Haupttonart dieses Musikstückes Es dur ist, mit welcher sowohl
821 4191 4504 4400 G moll wie C dur terzverwandt sind *), während ich (S. 17)
800 4356 4538 4565 nur die Bemerkung gemacht habe, daß man in einem Tonstücke
797 4523 4529 4702 aus C dur nicht die Tonart G moll als modulatorischen
831 4671 4534 4861 Gegensatz (also für das zweite Thema desselben) wählen
787 4821 4514 5039 würde, da die Durtonart jederzeit einen harten Ober¬
796 4971 4528 5165 dominantdreiklang, wie die Molltonart stets einen
789 5133 4222 5358 weichen Unterdominantdreiklang bewahren müsse.
1053 5290 4531 5506 Herr B. macht ferner eine ironische Bemerkung über die
804 5460 4531 5631 S. 18 befindlichen Accordfolgen: „C, Des, Ges, Ces”, vergißt
787 5618 4509 5816 aber den Zweck derselben und den dazu gehörenden Schluß¬
790 5811 4282 5985 accord „Ges” anzugeben, was fast den Anschein einer —
811 5907 4523 6078 Nachlässigkeit hat. Der Zweck dieses sowie der S. 18 u. 19
779 6102 4537 6314 gegebenen 23 Beispiele ist es nämlich, auf die harmonische
1111 6424 4504 6705 *) S. in meiner Schrift S. 17 und vergleiche das Beispiel No. 19,
788 6552 1197 6794 S. 19.
