5000 7454
2389 463 2633 736 12
707 738 4385 992 keinen Uebelklang entdecken kann. Gänzlich mißverstanden aber
694 979 4367 1147 hat er Hauptmann's Worte über diesen Gegenstand, wenn
674 1130 4352 1336 er in dem angeführten Werke desselben eine Entschuldigung
702 1289 4375 1472 seiner unten folgenden Beispiele zu finden glaubt; es ist ihm
688 1459 4380 1632 vielmehr gelungen, gerade den einzigen, oben angegebenen, von
733 1600 4370 1806 Hauptmann verworfenen Fall zu treffen, so daß er sich da¬
706 1783 4393 1938 mit wider Willen mit der Proclamation einer unbegrenzten
687 1911 4365 2153 Quintenfreiheit einverstanden erklärt. Es lebe die Aufrichtigkeit!
699 3275 4391 3481 Das zweite dieser von Herrn B. erfundenen Beispiele ist
705 3462 4360 3631 übrigens nicht nur nach Hauptmann'schen, sondern nach
682 3631 4360 3809 allen vernünftigen Grundsätzen über gebundene Dissonanzen
701 3771 4361 3940 überhaupt, auch metrisch falsch, obgleich mein Kritiker dabei
711 3926 4353 4120 „keine Ohrfeige gefühlt hat” und soll wohl heißen wie bei 3,
703 4112 4358 4273 wo sodann „der Keulenschlag” der reinen Quinten in der Se¬
701 4242 4366 4395 cundfortschreitung noch kräftiger ausfällt. Sehr wenig conse¬
692 4398 4352 4557 quent macht sich Dem gegenüber der später folgende Vorwurf:
703 4550 4381 4733 ich hätte in einem Beispiele von Dominantseptimaccordfolgen
676 4743 4359 4906 parallele Quinten angebracht, da doch in dem von ihm abge¬
695 4870 4359 5030 druckten Gange nur die sehr unschuldige Folge einer großen
687 5011 4388 5185 nach einer verminderten Quinte zu ersehen ist. Mit Recht
684 5186 4367 5346 tadelt dagegen mein Kritiker das von mir S. 5 gegebene, zu
689 5329 4349 5525 wenig antastbare Beispiel solcher Parallelen von Beethoven;
709 5486 4346 5669 ich wählte es aus, um eben alle Opposition dagegen zu ver¬
687 5660 4379 5834 meiden, und habe mich geirrt. Um demselben jedoch den Zweifel
689 5811 4358 6003 an „viele andere solcher Beispiele” anerkannter praktischer
706 5953 4384 6126 Meister zu benehmen, lasse ich in der Beilage eine Anthologie
685 6121 4381 6271 klassischer melodischer und harmonischer Quintenparallelen von
709 6263 4341 6459 Gluck, Mozart, Weber, Beethoven, Schumann,
719 6418 4361 6606 Hiller und Hauptmann folgen, empfehle geübten Quin¬
687 6571 4374 6799 tenjägern noch die Parallelen in Mozart's Figaro bei der
