5000 7437
2387 490 2501 722 9
639 762 4271 1048 In die oberen Stimmen gelegt, wie hier im zweiten Beispiele,
636 994 4004 1172 sind diese Verzögerungen heut sogar kaum noch auffallend.
848 1151 4266 1342 Mein Harmoniesystem verdankt überhaupt seine Entstehung
617 1305 4275 1467 nur der Ueberzeugung, daß geweihte Künstler, wie
606 1469 4256 1623 Mozart, Beethoven, Schumann, Liszt und Wag¬
611 1604 4256 1789 ner, nicht unlogisch schreiben können, wenn auch der Sinn des
617 1777 4230 1945 nur ihnen eigenthümlichen Styles nicht Allen, und besonders,
624 1905 4256 2142 bei dem bisherigen Stande der Theorie, nicht ohne erläuternde
628 2079 2961 2270 Erklärung, sogleich verständlich erscheint.
849 2200 4285 2405 Der genannte Kritiker scheint übrigens in meiner Schrift
631 2398 4276 2566 nur anzugreifende Sätze aufgesucht, dieselbe außerdem aber
629 2548 4278 2707 ganz oberflächlich durchgesehen zu haben, so daß sein Ausspruch:
626 2698 4267 2898 Alles aus Opposition! wohl mehr auf seine Recension, als auf
631 2890 4285 3058 meine Schrift anzuwenden ist. Er behauptet z. B.: „Auch der
624 2993 4291 3180 Name Schumann, an den sich viele interessante Bemerkungen
625 3153 4256 3343 hätten anknüpfen lassen” — — „kommt in der Schrift
602 3346 4279 3518 nicht vor; ebensowenig irgend einer der neueren
610 3462 4268 3649 Tonsetzer, von welchem eine bemerkenswerthe Erweiterung
611 3638 4229 3807 und Bereicherung der Harmonik hergeleitet werden kann.”
619 3779 4251 3971 Schumann aber wird Seite 23, und Beethoven Seite 3,
594 3937 4257 4118 5 (zwei Mal), 21, 50, 55 und 60 citirt. Dem letzteren
605 4089 4269 4295 Meister aber wird hoffentlich selbst Herr Bagge nicht das
606 4234 4265 4434 Verdienst nehmen wollen, Schöpfer der Periode der „neueren
611 4379 1761 4594 Tonkunst” zu sein!
841 4550 4245 4714 Unser heutiges, von mir vorangestelltes Zwölfton¬
656 4706 4260 4868 system, auf dem die ganze folgende Lehre gebaut ist, wird
593 4863 4247 5069 nun von Herrn B. ein irriges, ein für die Stumpfheit des
587 5018 4255 5199 menschlichen Gehörsinnes erdachter Nothbehelf genannt, da doch
613 5168 4244 5345 die wahre und ideale Beschaffenheit der Musik keine Tempe¬
595 5341 4250 5513 ratur kenne; Unreinheit sei nur dort giltig, wo sie hinge¬
603 5486 4271 5662 höre, wo die Natur sie hinstelle (?), nicht wo der Mensch sie
606 5620 1016 5829 mache. —
830 5808 4253 6002 Einer theoretisch idealen, nicht aber der praktisch rea¬
592 5951 4260 6092 len Musik kann ein reines Tonsystem zu Grunde gelegt
585 6107 4244 6286 werden. Denn wie wir das natürliche, reine Gold erst mit
582 6253 4209 6439 Kupfer versetzen, um es für die Kunst brauchbar herzustellen,
581 6418 4244 6591 und wie es darum doch seinen Werth und seine Schönheit
603 6567 4216 6771 nicht einbüßt, so verliert auch die Musik weder ihre Macht,
