5000 7566
2428 499 2662 794 13
682 826 4396 1049 Stelle: le donne ficcan gli aghi 2c. und im Masken-Terzett
673 1041 4388 1226 des Don Juan an zwei verschiedenen Stellen und gebe außer¬
681 1199 4377 1388 dem noch einige Albumblätter zur Emancipation der Quinten,
666 1341 4386 1552 in welchen verbundene und unverbundene, ja sogar doppelte
678 1529 4379 1701 Quintenparallelen in gerader und in der Gegenbewegung vor¬
687 1665 4402 1873 kommen und welche bereits die „aufrichtige” Zustimmung
683 1811 2866 2010 namhafter Musiker gewonnen haben.
909 1876 4393 2146 Der gelehrte Kritiker bespricht weiterhin meine Capitel von
688 2134 4389 2318 den Tonarten und behauptet mehrere Male, ich hätte die Vor¬
691 2285 4405 2475 stellung derselben „ganz nach der Hauptmann'schen Weise
689 2457 4422 2643 gegeben.” Das Verdienst aber, den Begriff der Tonart zuerst
691 2614 4383 2799 festgestellt zu haben, gebührt dem berühmten Theoretiker Ra¬
687 2765 4393 2933 meau, der schon vor mehr als hundert Jahren geschrieben hat.
673 2914 4392 3106 Das Werk seines Interpreten, d'Alembert, wurde unter
659 3077 4359 3262 dem Titel: „Systematische Einleitung in die musikalische Setz¬
672 3213 4396 3423 kunst nach den Lehrsätzen des Herrn Rameau” von Mar¬
686 3377 4378 3593 purg ins Deutsche übersetzt (Leipzig, 1757 bei Breitkopf) und
673 3555 4350 3712 das 4. Cap. des ersten Buches „Von der Tonart überhaupt”
667 3706 2144 3877 beginnt folgendermaßen:
905 3880 4394 4058 „Durch Tonart (Modus) versteht man nichts anders, als
680 4012 4395 4207 eine gewisse, vermittelst der Progression der Quinten, sowohl
679 4183 4398 4364 in der Harmonie als Melodie, unter den Tönen festgestellte
672 4338 4409 4486 Ordnung. Also machen die drei Töne: F—C—G und die
673 4484 4388 4664 harmonischen Töne derselben, d. i. ihre großen
683 4640 4407 4841 Terzen und Quinten die ganze Tonart C aus. Es
659 4790 4369 5001 kann also durch den Grundbaß oder die Fortschreitung F—C—G,
685 4980 4409 5177 worinnen das C in der Mitte steht, die Tonart C gleichsam
672 5103 2066 5315 abgebildet werden.”
899 5275 4416 5475 Diese deutlich beschriebene Abbildung der Durtonart ist
659 5420 1979 5642 demnach die folgende:
896 5912 4404 6221 Das System der Molltonart aber gebe ich abweichend von
669 6111 3073 6388 Rameau und Hauptmann wie folgt:
670 6679 4390 6927 indem ich den weichen Hauptdreiklang A c E in Verbindung
