5704 9212
2788 508 2952 816 8
751 896 4947 1236 Sexte, zu dissonirenden Vierklängen, wie aus dem Beispiel 2
740 1172 1497 1410 hervorgeht.
1040 1929 4902 2164 Aber so bestimmt auch diese und manche andere Angaben in
732 2122 4916 2346 Betreff der Accordbildung Jedem erscheinen mögen, der die Ton¬
744 2303 4893 2555 leitern und die Intervalle ihrem Namen und ihrer Größe nach
742 2516 4911 2742 kennt; so oft sich jeder dieser Zusammenklänge, abgesehen von
742 2741 4911 2935 der höheren und tieferen Tonlage, in welcher derselbe dem Hörer
737 2932 4917 3131 entgegen tritt, als etwas periodisch Wiederkehrendes, Gesetzliches
732 3126 4891 3436 an dem vor ihm vorüberziehenden Tongebilde auch erweisen mag:
757 3329 4869 3565 so reichen doch die aus dem Tongebilde entnommenen Accorde,
735 3533 4936 3769 oder die Combinationen der zusammenklingenden Bestandtheile
739 3769 4929 3989 der diatonischen Tonleiter bei weitem noch nicht dazu hin, um
765 3946 4934 4143 die constanten Verhältnisse gründlich zu erforschen, nach welchen
750 4141 4930 4350 Accordbildungen erfolgen und erfolgen müssen, wenn überhaupt
737 4380 4912 4603 ein höheres, gesetzliches Walten im Reiche der Töne angenom¬
734 4545 4908 4774 men, ein tieferes kunstwissenschaftliches Eindringen in das Ton¬
738 4763 4928 4935 leben und ein klares Bewußtsein desselben möglich werden soll; sie
733 4928 4923 5163 reichen nicht einmal dazu hin, um diese constanten Verhältnisse
723 5160 4944 5364 möglichst genau und allgemein darzustellen, noch weniger, um die
769 5340 4896 5634 Grenzen der Accordbildung gründlicher, als es bis jetzt geschehen,
736 5552 3316 5769 nachzuweisen und theoretisch festzustellen.
1041 5672 4945 5950 Daß nicht nur die Verhältnisse der Töne und Intervalle in
735 5934 4936 6142 der Dur- und Molltonleiter, sondern sogar diejenigen als variabel
724 6138 4915 6349 erscheinen, welche aus verschiedenen Combinationen der Bestand¬
754 6371 4903 6595 theile eines und desselben Accordes entspringen, ist einleuchtend,
731 6525 4927 6763 wenn man auf die ungleiche Entfernung der Töne der diatonischen
738 6741 4913 6991 Tonleiter sowohl im Dur- als im Mollgeschlecht hinsieht, und
748 6972 4934 7175 die verschiedenen Ausgangspuncte (die tieferen Töne nämlich) nicht
726 7197 4938 7401 außer Acht läßt, die nach den verschiedenen Combinationen der
742 7365 4912 7584 Accordbestandtheile als Primen angenommen und von welchen aus
720 7549 4921 7848 die Accordintervalle in aufsteigender Richtung (d. i. im Tonraum
727 7764 3970 8072 oder Umfang nach der Höhe hin) bestimmt werden.
