5704 9150
2858 435 3085 736 34
883 852 5058 1127 accorde +c, -c, +b und auch bei Anführung einzelner Töne
875 1120 5024 1347 und Accorde hin und wieder gethan habe), um die Darstellung,
876 1292 4348 1489 namentlich die schematische, noch mehr zu vereinfachen.
1198 1504 5028 1776 Die Bestandtheile b d f des Accordes +b sind es, welche
869 1784 5045 1987 nicht allein die Terzengestalt über g hinaus fortsetzen, sondern
870 1939 5009 2175 auch nach der Tabelle für die aufsteigende Reihe den Nennern ent¬
870 2124 3795 2388 sprechen, welche die gesetzlich entwickelte Reihe
852 2497 1416 2791 enthält.
1168 2708 5018 2953 In Hinsicht auf das Element b, das wir in gleichzeitiger
858 2956 5008 3193 Verbindung mit den Bestandtheilen c, e und g zum Septimenac¬
849 3162 4957 3365 cord c e g b als Grundton des Quintenaccordes b d f erkennen,
870 3333 5008 3552 betrachten wir den Septimenaccord als die unvollständige Verbin¬
853 3513 5018 3787 dung zweier Quintenaccorde, deren Beziehung auf einander indeß
866 3736 5005 3917 bis dahin noch nicht zu ersehen ist. Unvollständig oder nur theil¬
831 3932 5016 4150 weise findet die Vereinigung der Accorde +c und +b statt, weil
846 4146 4959 4345 die Bestandtheile d und f, welche dem Accorde b d f angehören,
845 4350 5005 4569 dem Accord c e g b fehlen. Die Beziehung der Accorde +c und
886 4568 4999 4756 +b ist aus ihren Bestandtheilen c e g und b d f nicht zu erken¬
829 4741 4984 4937 nen, weil keiner von den Bestandtheilen des einen Accordes dem
820 4959 4984 5175 anderen Accorde gemeinschaftlich ist. Dennoch läßt sich eine, wenn
835 5151 4984 5327 auch nicht directe oder unmittelbare, doch indirecte oder mittelbare
822 5345 3830 5566 Beziehung dieser Accorde denken und auffinden.
1178 5482 5007 5817 Es ist nämlich denkbar, daß sie als gleichartige Accorde zu
839 5732 5004 6008 einem ihnen beiden verwandten dritten im Gegensatz stehen, und
813 5959 4983 6215 zwar zunächst deshalb, weil die Töne c und b als Intervalltöne
816 6153 3844 6494 der entgegengesetzten Quinten vom Grundton f
814 7012 4999 7254 und somit als auf einander bezügliche Töne überhaupt anzusehen
841 7244 4968 7471 sind. Was aber von den nach Höhe entgegenstehenden Tönen gilt,
798 7438 4957 7660 das gilt auch von den darauf basirten Accorden, insbesondere zu¬
816 7646 4241 7936 nächst wieder von den gleichartigen, sowohl positiven:
