5704 9183
2734 478 2948 779 24
762 785 4957 1097 ten Tonumfangs überschreiten, weil die Töne, deren relative
785 1072 4917 1329 Schwingungsmengen den Zahlen von 1 bis 32 entsprechen, so¬
762 1263 4947 1511 wohl nach der Höhe, als nach der Tiefe hin das Intervall von 6
748 1454 3891 1692 Octaven, daher zusammen 12 Octaven begrenzen.
1058 1629 4916 1923 Mit der Darstellung der vorstehenden entgegengesetzten Ton¬
748 1878 4932 2090 reihen wäre übrigens für musikalische Betrachtungen im Grunde
746 2081 4895 2300 auch nichts gewonnen. Denn einestheils enthalten sie nicht durch¬
756 2276 4924 2510 aus wirklich verschiedene Elemente unserer Harmonie, anderntheils
760 2464 4913 2723 sind nicht alle wirklich verschiedene auch musikalisch brauchbar;
774 2655 4897 2913 schon die Vierteltöne stehen außer der musikalischen Beziehung;
758 2877 4912 3089 ja in der Folge wird sich sogar zeigen, daß nicht einmal die soge¬
742 3054 4927 3308 nannten halben Töne von ungleicher Größe eine unbeschränkte
749 3265 4913 3482 musikalische Verwendung gestatten. Bei alle dem bleibt die übrige
768 3449 4890 3685 Entwickelung der entgegengesetzten Tonreihen von großer Wichtig¬
730 3676 4909 3921 keit, weil die auf den Grund derselben zu stützende Darstellung des
746 3873 4910 4087 tonischen Gegensatzes nicht an den unerfaßbaren Umfang von Tö¬
739 4090 4897 4318 nen gebunden ist. Denn wir vermögen es, die einander entgegen¬
751 4240 4894 4478 stehenden Töne innerhalb des Umfangs von zwei Octaven darzu¬
750 4478 4903 4660 stellen, und zwar mittelst Verpflanzung der in den entgegenge¬
766 4675 4904 4916 setzten Reihen enthaltenen Töne in andere Octaven, in welchen
758 4871 4880 5088 sie dem Grundton möglichst genähert erscheinen. Wie dies zu ge¬
779 5057 4901 5304 schehen habe, geht aus den bereits mitgetheilten Ergebnissen in
720 5284 4914 5467 Betreff der Längen- und Schwingungsverhältnisse, insbesondere
743 5455 2164 5688 der Octavtöne hervor.
1031 5631 4914 5926 Wenn wir die Zahlenausdrücke der beiden zuletzt aufgestellten
720 5861 4863 6100 nur bis auf 7 Glieder entwickelten Tonreihen auf das Sichtbare,
725 6073 4908 6268 nämlich auf die Länge der Saite beziehen, von welcher unsere
722 6269 4900 6462 Betrachtung der Schwingungsgesetze ausging, so stellt sich uns
719 6471 4897 6647 der mit den verschiedenen Tönen zu bildende, nächst liegende Ge¬
723 6642 4896 6880 gensatz nach der Höhe hin bekanntlich in dem folgenden Verhält¬
726 6857 1312 7111 niß dar:
724 7211 4862 7498 Setzen wir nun 1 = c und denken wir uns diesen Ton in einer,
724 7496 4892 7689 den oben ausgesprochenen Erfordernissen des Grundtons entspre¬
721 7689 4874 7897 chenden Lage im Tongebiet, etwa in der eingestrichenen Octave,
