5704 9220
2773 507 3029 866 45
1153 889 4964 1165 In Erwägung der Wichtigkeit der gedachten Forderungen,
797 1118 4994 1339 rücksichtlich jener Tonfolgen, fühlte man sich veranlaßt, das Ver¬
830 1298 4990 1537 hältniß der Accorde, aus deren Verbindung die Tonfolgen von f
816 1502 5003 1750 zu e und von h zu c entsprungen und die wir überdies als im Ge¬
805 1697 4664 1957 gensatz stehende erkannt, nämlich das Verhältniß der Accorde
813 2320 4993 2680 allgemein, d. h. unabhängig von jeder besonderen Tonhöhe zu
817 2665 5008 2889 bezeichnen. Das geschah mit Bezugnahme auf die Grundtöne f, c
799 2820 4996 3071 und g der angeführten Accorde, und zwar insbesondere mit Hin¬
830 2987 5007 3287 sicht auf die, vom Grundton aus entwickelte Scala, in welcher die
798 3260 4995 3484 Bestandtheile der im Gegensatz stehenden Accorde enthalten sind
816 3427 4991 3686 (d. i. in dem vorliegenden Falle die C-dur-Scala). In derselben
821 3658 4997 3940 bildet c die Prime, f die Quarte und g die Quinte. Es läßt sich
788 3834 2795 4166 demnach der tonische Gegensatz
782 4325 2533 4611 allgemein auf diese Weise:
788 4744 5006 5111 und der Gegensatz der auf diesen Tönen erzeugten positiven Quin¬
814 5038 1507 5331 tenaccorde
811 5488 2448 5799 läßt sich auf diese Weise:
811 5877 3369 6199 ausdrücken. Die entgegengesetzten Töne
812 6292 5010 6615 gehören aber bekanntlich nicht allein der C-dur-, sondern auch der
835 6552 4995 6781 C-moll-Scala an, und es können deshalb auf denselben auch
809 6771 4996 6991 Mollaccorde (negative Quintenaccorde) erzeugt werden, nämlich
809 6977 1591 7225 die Accorde
788 7447 4013 7823 deren allgemeine Bezeichnung mithin folgende ist:
