5704 9300
2771 539 3052 821 53
764 767 5011 1181 beziehe. Die Beziehung auch des zweiten Tones g auf den ersten
786 1098 4995 1389 Accord +c würde jedenfalls die nächstliegende Annahme sein.
804 1331 5024 1525 Daraus leuchtet ein, daß als Repräsentant des zweiten Accordes
806 1467 5030 1714 ein solcher Bestandtheil zu suchen sei, welchen beide Accorde nicht
835 1722 1766 2050 gemein haben.
1131 1856 5002 2145 In Betreff der Repräsentation des zweiten Accordes der obi¬
821 2073 5006 2359 gen Verbindung bleibt hiernach die Wahl zwischen dessen noch
788 2289 5039 2558 übrigen Bestandtheilen h und d. Den nächsten Fortschritt von c
803 2536 5027 2757 aus berücksichtigend, so wäre die Annahme von h zum Repräsen¬
804 2683 5033 2941 tanten für +g begründet; dagegen würde mit Hinsicht auf die
808 2888 5027 3187 positive Richtung, nach welcher die Dur-Accorde in ihrer Terzen¬
841 3114 5002 3396 gestalt erzeugt werden, wie auch in Hinsicht auf die Entstehung
837 3398 5040 3560 der harmonischen Bestandtheile in der Reihe der Aliquottöne, die
830 3507 5043 3760 Annahme von d die meiste Berechtigung haben. Wenn an dieser
818 3737 5025 3974 Stelle die nächste Fortschreitung der Töne einen Entscheidungs¬
842 3919 5029 4180 grund in Betref der Wahl des Repräsentanten des zweiten Accor¬
830 4089 5049 4369 des +g abgeben sollte, so würde bei dem dritten Accorde +c
817 4362 5041 4569 der obigen Verbindung, an diesem Prinzip festhaltend, der Ton c
833 4547 5020 4778 nochmals als dessen Repräsentant auftreten und als solcher auch
845 4768 5053 4993 für die drei folgenden Accorde gelten müssen, indem der diesen
844 4942 5037 5188 Accorden gemeinsame Bestandtheil e nicht einmal den nächsten
857 5137 5039 5404 Fortschritt nöthig machte. Daraus ginge denn für die hier betrach¬
844 5375 2271 5646 tete Accordverbindung
840 5754 1739 6026 die Tonfolge
825 6181 5074 6450 als Repräsentation hervor, welche zum größten Theil aus der
846 6395 5054 6613 Wiederholung eines Tones besteht, der mehreren Accorden ange¬
847 6584 5045 6820 hört. Eine solche Tonfolge ist nicht allein monoton und darum
861 6784 5043 7014 schon verwerflich, sondern sie macht auch das Erkennen verschie¬
869 6988 5041 7208 dener Accorde ganz und gar unmöglich; sie ist nur die Darstellung
855 7215 5053 7427 des Rhythmus (das Wort in dem Sinne der Bewegung genom¬
847 7382 5045 7628 men), und zwar zum größten Theil mittelst eines einzigen Tones,
840 7580 5033 7839 daher die Darstellung eines Rhythmus ohne dessen Begründung.
842 7793 5061 8079 Diese letztere fordert das Dasein verschiedener, entweder melodi¬
