5704 9170
2830 491 3050 802 14
839 777 5018 1183 gleichzeitige Erfassen des Sichtbaren und Hörbaren tiefer, und
836 1135 5033 1379 zwar folgendermaßen aufgefaßt werden. Wie in der sichtbaren, so
818 1310 4998 1562 auch in der hörbaren Welt, insbesondere im Tonreich, ist das am
823 1450 5000 1749 leichtesten Faßliche unstreitig immer das Nächstliegende; aber das
820 1678 4964 1976 Nächstliegende nicht nur der Form, sondern auch dem Wesen nach,
822 1890 4983 2143 daher das Gleichartige oder Gleichstoffige. In allen Fällen wird
804 2102 4980 2354 jedoch das Erfassen gleichartiger Dinge erschwert, wenn sie räum¬
814 2300 4980 2561 lich weit auseinander sind. Die in dem Tongebilde befindlichen
810 2467 4958 2773 Accorde, deren Bestandtheile alle in verschiedenen Octaven liegen,
791 2661 1443 2938 wie z. B.
1816 2883 3958 3181 $$MUSIC sind schwerer als diejenigen zu
1814 3148 3939 3373 erfassen, deren Bestandtheile so
1815 3349 3935 3586 combinirt sind, daß sie nicht ein¬
1789 3506 3925 3759 mal den Raum einer Octave ein¬
1791 3723 3035 3966 nehmen, wie z. B. $$MUSIC
1113 3930 4936 4158 Gestützt auf das Voranstehende gelangen wir hier zu der Ein¬
783 4155 4933 4410 sicht, daß die harmonischen oder Accordbestandtheile eine nähere
749 4351 4924 4583 Beziehung auf einander haben müssen, als die Töne selbst der faß¬
772 4532 4926 4812 lichsten Melodie; wie auch, daß der Zusammenklang auf der Ver¬
749 4707 4930 5001 bindung, dagegen die Klangfolge auf der Trennung — wenn man
757 4931 3461 5172 will — Ausscheidung — der Töne beruht.
1086 5099 4919 5400 Die Verbindung und Trennung der Töne findet, bekannten
728 5323 4897 5599 Resultaten der Akustik zufolge, unter bestimmten numerischen Ver¬
746 5563 4890 5820 hältnissen statt, welche sich auf die Länge und die Schwingung
749 5764 4898 5986 der tonerzeugenden Körper beziehen. Diese Verhältnisse sind un¬
726 5914 4895 6135 abhängig von jeder besonderen Stimmungshöhe, daher auch un¬
722 6139 4906 6398 abhängig von der absoluten Anzahl von Vibrationen, welche ein
721 6332 4881 6555 tönender Körper während einer bestimmten Zeit macht. In Be¬
720 6529 4895 6778 tracht, daß dieselben für die harmonischen und melodischen Bezie¬
722 6727 4887 7014 hungen von Wichtigkeit sind, darf sich ihrer Ergründung der Har¬
704 6976 4890 7177 moniker nicht entschlagen, aber davon auch nur bis auf gewisse
736 7159 4855 7413 Grenzen hin befriedigenden Aufschluß über musikalische Wirkungen
707 7323 1326 7529 erwarten.
1034 7421 4879 7778 Im Hinblick auf den Ton als Schwingungsproduct nennen
700 7692 4839 8014 wir, mit Beziehung auf einen anderen Ton, denjenigen den höch¬
