<?xml version="1.0" encoding="UTF-8" standalone="yes"?>
<PcGts xmlns="http://schema.primaresearch.org/PAGE/gts/pagecontent/2013-07-15" xmlns:xsi="http://www.w3.org/2001/XMLSchema-instance" xsi:schemaLocation="http://schema.primaresearch.org/PAGE/gts/pagecontent/2013-07-15 http://schema.primaresearch.org/PAGE/gts/pagecontent/2013-07-15/pagecontent.xsd">
    <Metadata>
        <Creator>prov=University of Rostock/Institute of Mathematics/CITlab|PLANET AI GmbH/Gundram Leifert/gundram.leifert@planet-ai.de:name=ONB_Newseye_GT_M1+(htr_id=10810)::::v=2.6.7
prov=University of Rostock/Institute of Mathematics/CITlab|PLANET AI GmbH/Tobias Gruening/tobias.gruening@planet-ai.de:name=de.uros.citlab.module.baseline2polygon.B2PSeamMultiOriented:v=2.6.7
prov=University of Rostock/Institute of Mathematics/CITlab|PLANET AI GmbH/Tobias Gruening/tobias.gruening@planet-ai.de:name=/net_tf/LA73_249_0mod360.pb:de.uros.citlab.segmentation.CITlab_LA_ML:v=2.6.7
Transkribus</Creator>
        <Created>2021-09-22T14:25:23.428+02:00</Created>
        <LastChange>2021-10-11T15:13:32.223+02:00</LastChange>
        <TranskribusMetadata docId="786648" pageId="29710962" pageNr="43" tsid="66306018" status="DONE" userId="74363" imgUrl="https://files.transkribus.eu/Get?id=OVCIKZTLMYPVODDIHAIKTOYP&amp;fileType=view" xmlUrl="https://files.transkribus.eu/Get?id=QMTCTBWNFWWFGDMLADPPGPTX" imageId="23310464"/>
    </Metadata>
    <Page imageFilename="Kraushaar1852-0043.jpg" imageWidth="5704" imageHeight="9216" type="content">
        <ReadingOrder>
            <OrderedGroup id="ro_1634213931344" caption="Regions reading order">
                <RegionRefIndexed index="0" regionRef="TextRegion_1632843524527_3707"/>
                <RegionRefIndexed index="1" regionRef="TextRegion_1632843524527_3706"/>
                <RegionRefIndexed index="2" regionRef="TextRegion_1632843522427_3702"/>
                <RegionRefIndexed index="4" regionRef="TextRegion_1632843513910_3694"/>
                <RegionRefIndexed index="6" regionRef="TextRegion_1632843503749_3686"/>
            </OrderedGroup>
        </ReadingOrder>
        <TextRegion orientation="0.0" type="page-number" id="TextRegion_1632843524527_3707" custom="readingOrder {index:0;} structure {type:page-number;}">
            <Coords points="842,743 5036,743 5035,977 841,977"/>
            <TextLine id="r2l1" custom="readingOrder {index:0;}">
                <Coords points="2819,891 2861,893 2882,872 2939,890 2979,933 3079,921 3088,634 3062,633 3046,648 2936,650 2901,617 2829,594"/>
                <Baseline points="2848,822 2874,824 2900,824 2926,824 2953,825 2979,826 3005,826 3031,828 3058,832"/>
                <TextEquiv>
                    <Unicode>38</Unicode>
                </TextEquiv>
            </TextLine>
            <TextEquiv>
                <Unicode>38</Unicode>
            </TextEquiv>
        </TextRegion>
        <TextRegion orientation="0.0" type="paragraph" id="TextRegion_1632843524527_3706" custom="readingOrder {index:1;} structure {type:paragraph;}">
            <Coords points="841,977 5035,977 5026,3478 838,3478"/>
            <TextLine id="r2l2" custom="readingOrder {index:0;}">
                <Coords points="822,1204 5014,1174 5013,1002 4762,915 821,1011"/>
                <Baseline points="846,1182 1053,1178 1260,1176 1467,1174 1674,1172 1881,1170 2088,1170 2295,1170 2502,1168 2709,1168 2917,1168 3124,1166 3331,1166 3538,1164 3745,1162 3952,1160 4159,1158 4366,1156 4573,1152 4780,1146 4988,1142"/>
                <TextEquiv>
                    <Unicode>vorstehende Schema darthut, nach welchem sämmtliche Bestand¬</Unicode>
                </TextEquiv>
            </TextLine>
            <TextLine id="r2l3" custom="readingOrder {index:1;} concept_mus {offset:11; length:15;} concept_mus {offset:28; length:13;} concept_mus {offset:55; length:10; continued:true;}">
                <Coords points="865,1412 5020,1399 5019,1248 4800,1207 864,1240"/>
                <Baseline points="890,1380 1095,1378 1300,1376 1505,1374 1710,1372 1916,1372 2121,1370 2326,1370 2531,1368 2736,1368 2942,1368 3147,1366 3352,1366 3557,1364 3762,1362 3968,1360 4173,1358 4378,1356 4583,1352 4788,1349 4994,1344"/>
                <TextEquiv>
                    <Unicode>theile des unvollständigen, dissonirenden (sogenannten verminder¬</Unicode>
                </TextEquiv>
            </TextLine>
            <TextLine id="r2l4" custom="readingOrder {index:2;} concept_mus {offset:0; length:3; continued:true;} m_chord {offset:5; length:10;} m_chord {offset:16; length:5;} m_chord {offset:26; length:9;} m_chord {offset:36; length:7;}">
                <Coords points="844,1637 4781,1629 5031,1591 5030,1419 843,1470"/>
                <Baseline points="872,1588 1078,1584 1285,1580 1491,1578 1698,1576 1905,1574 2111,1572 2318,1572 2524,1572 2731,1572 2938,1570 3144,1570 3351,1570 3557,1570 3764,1568 3971,1566 4177,1564 4384,1562 4590,1560 4797,1556 5004,1552"/>
                <TextEquiv>
                    <Unicode>ten) Dreiklangs e g b dem Vierklang c e g b angehören. Der</Unicode>
                </TextEquiv>
            </TextLine>
            <TextLine id="r2l5" custom="readingOrder {index:3;} concept_mus {offset:0; length:11;} m_chord {offset:12; length:6;} m_note {offset:53; length:5;} m_note {offset:59; length:1;}">
                <Coords points="839,1815 5010,1824 5009,1605 838,1638"/>
                <Baseline points="866,1784 1071,1782 1277,1780 1483,1778 1689,1776 1895,1775 2100,1774 2306,1774 2512,1772 2718,1772 2924,1772 3129,1770 3335,1770 3541,1770 3747,1768 3953,1767 4158,1766 4364,1764 4570,1762 4776,1758 4982,1756"/>
                <TextEquiv>
                    <Unicode>abgeleitete Accord erhält somit durch den Zusatz des Tones c,</Unicode>
                </TextEquiv>
            </TextLine>
            <TextLine id="r2l6" custom="readingOrder {index:4;} m_interval {offset:47; length:9;}">
                <Coords points="850,2013 4724,2029 5052,1975 5052,1823 850,1878"/>
                <Baseline points="874,1982 1081,1980 1289,1980 1496,1978 1704,1978 1912,1978 2119,1976 2327,1976 2534,1976 2742,1976 2950,1974 3157,1974 3365,1972 3572,1972 3780,1970 3988,1968 4195,1966 4403,1964 4610,1961 4818,1958 5026,1954"/>
                <TextEquiv>
                    <Unicode>oder was in Beziehung auf das dadurch erzeugte Intervall dasselbe</Unicode>
                </TextEquiv>
            </TextLine>
            <TextLine id="r2l7" custom="readingOrder {index:5;} m_interval {offset:29; length:4;} concept_mus {offset:41; length:11;}">
                <Coords points="854,2226 4983,2226 5039,2006 852,2012"/>
                <Baseline points="878,2180 1084,2182 1291,2184 1498,2184 1705,2184 1912,2182 2118,2182 2325,2180 2532,2179 2739,2178 2946,2176 3152,2174 3359,2172 3566,2170 3773,2168 3980,2166 4186,2164 4393,2164 4600,2162 4807,2162 5014,2162"/>
                <TextEquiv>
                    <Unicode>ist: durch Hinzufügung einer Terz in der Unterstimme (nämlich</Unicode>
                </TextEquiv>
            </TextLine>
            <TextLine id="r2l8" custom="readingOrder {index:6;} m_note {offset:4; length:1;} concept_mus {offset:40; length:17;} m_chord {offset:58; length:3; continued:true;}">
                <Coords points="832,2430 5045,2407 4939,2199 831,2232"/>
                <Baseline points="858,2386 1065,2384 1273,2382 1481,2382 1689,2380 1897,2380 2105,2378 2313,2378 2521,2378 2729,2376 2937,2376 3144,2376 3352,2374 3560,2374 3768,2372 3976,2370 4184,2368 4392,2366 4600,2364 4808,2360 5016,2358"/>
                <TextEquiv>
                    <Unicode>von e aus abwärts) nicht allein die dem zusammengesetzten Ac¬</Unicode>
                </TextEquiv>
            </TextLine>
            <TextLine id="r2l9" custom="readingOrder {index:7;} m_chord {offset:0; length:5; continued:true;} concept_mus {offset:16; length:9;} concept_mus {offset:46; length:11; continued:true;}">
                <Coords points="859,2612 5041,2563 5040,2417 4717,2408 859,2461"/>
                <Baseline points="888,2588 1094,2586 1300,2584 1507,2582 1713,2580 1920,2578 2126,2576 2332,2576 2539,2574 2745,2574 2952,2574 3158,2572 3364,2572 3571,2571 3777,2570 3984,2570 4190,2568 4396,2566 4603,2564 4809,2562 5016,2560"/>
                <TextEquiv>
                    <Unicode>corde in seiner Grundform, wenn man will: dem zusammenge¬</Unicode>
                </TextEquiv>
            </TextLine>
            <TextLine id="r2l10" custom="readingOrder {index:8;} concept_mus {offset:0; length:7; continued:true;} m_chord {offset:8; length:11;} concept_mus {offset:49; length:9;} m_chord {offset:59; length:4; continued:true;}">
                <Coords points="878,2841 4913,2827 5021,2644 876,2633"/>
                <Baseline points="902,2792 1106,2790 1311,2786 1516,2784 1720,2782 1925,2780 2130,2780 2334,2778 2539,2778 2744,2776 2949,2776 3153,2776 3358,2774 3563,2774 3767,2772 3972,2772 4177,2770 4381,2768 4586,2766 4791,2763 4996,2760"/>
                <TextEquiv>
                    <Unicode>setzten Grundaccord, nämlich in diesem Falle dem positiven Sep¬</Unicode>
                </TextEquiv>
            </TextLine>
            <TextLine id="r2l11" custom="readingOrder {index:9;} m_chord {offset:0; length:12; continued:true;} m_interval {offset:28; length:4;}">
                <Coords points="850,3056 5052,3014 5051,2858 4727,2781 849,2858"/>
                <Baseline points="876,2988 1083,2988 1291,2986 1498,2986 1706,2984 1913,2984 2121,2984 2328,2982 2536,2982 2743,2980 2951,2980 3158,2978 3366,2978 3573,2976 3781,2976 3988,2974 4196,2972 4403,2972 4611,2970 4818,2968 5026,2966"/>
                <TextEquiv>
                    <Unicode>timenaccorde, erforderliche Terz, sondern auch mit ihr zugleich den</Unicode>
                </TextEquiv>
            </TextLine>
            <TextLine id="r2l12" custom="readingOrder {index:10;} m_note {offset:0; length:8;} m_note {offset:47; length:1;} m_note {offset:50; length:1;} m_note {offset:56; length:1;}">
                <Coords points="875,3202 5041,3225 5040,3058 4560,2997 874,3036"/>
                <Baseline points="900,3190 1105,3190 1311,3188 1517,3186 1723,3186 1929,3184 2134,3184 2340,3182 2546,3182 2752,3182 2958,3180 3163,3180 3369,3180 3575,3178 3781,3178 3987,3176 4192,3176 4398,3174 4604,3172 4810,3170 5016,3168"/>
                <TextEquiv>
                    <Unicode>Grundton, zu welchem die übrigen Bestandtheile e, g und b die</Unicode>
                </TextEquiv>
            </TextLine>
            <TextLine id="r2l13" custom="readingOrder {index:11;} concept_mus {offset:0; length:8;} m_interval {offset:9; length:4;} m_interval {offset:15; length:6;} m_interval {offset:26; length:7;}">
                <Coords points="864,3459 3309,3434 3575,3405 3574,3285 3156,3216 1769,3225 1666,3320 862,3266"/>
                <Baseline points="890,3400 1023,3400 1156,3399 1289,3398 1422,3396 1555,3394 1688,3394 1821,3392 1954,3390 2087,3388 2220,3386 2353,3384 2486,3382 2619,3380 2752,3380 2885,3378 3018,3378 3151,3378 3284,3378 3417,3378 3550,3380"/>
                <TextEquiv>
                    <Unicode>positive Terz, Quinte und Septime bilden.</Unicode>
                </TextEquiv>
            </TextLine>
            <TextEquiv>
                <Unicode>vorstehende Schema darthut, nach welchem sämmtliche Bestand¬&#13;
theile des unvollständigen, dissonirenden (sogenannten verminder¬&#13;
ten) Dreiklangs e g b dem Vierklang c e g b angehören. Der&#13;
abgeleitete Accord erhält somit durch den Zusatz des Tones c,&#13;
oder was in Beziehung auf das dadurch erzeugte Intervall dasselbe&#13;
ist: durch Hinzufügung einer Terz in der Unterstimme (nämlich&#13;
von e aus abwärts) nicht allein die dem zusammengesetzten Ac¬&#13;
corde in seiner Grundform, wenn man will: dem zusammenge¬&#13;
setzten Grundaccord, nämlich in diesem Falle dem positiven Sep¬&#13;
timenaccorde, erforderliche Terz, sondern auch mit ihr zugleich den&#13;
Grundton, zu welchem die übrigen Bestandtheile e, g und b die&#13;
positive Terz, Quinte und Septime bilden.</Unicode>
            </TextEquiv>
        </TextRegion>
        <TextRegion orientation="0.0" id="TextRegion_1632843522427_3702" custom="readingOrder {index:2;} structure {type:paragraph-continued;}">
            <Coords points="838,3478 5026,3478 5023,4515 837,4515"/>
            <TextLine id="r2l14" custom="readingOrder {index:0;} concept_mus {offset:20; length:15;} m_chord {offset:36; length:8;} concept_mus {offset:53; length:5; continued:true;}">
                <Coords points="1172,3668 4905,3705 5040,3663 5039,3438 1170,3449"/>
                <Baseline points="1198,3658 1388,3656 1579,3654 1770,3652 1961,3652 2152,3650 2343,3648 2534,3648 2725,3646 2916,3646 3107,3646 3297,3644 3488,3643 3679,3642 3870,3640 4061,3640 4252,3638 4443,3636 4634,3632 4825,3630 5016,3628"/>
                <TextEquiv>
                    <Unicode>Diese Ableitung des unvollständigen Accordes von dem posi¬</Unicode>
                </TextEquiv>
            </TextLine>
            <TextLine id="r2l15" custom="readingOrder {index:1;} concept_mus {offset:0; length:5; continued:true;} m_chord {offset:6; length:15;}">
                <Coords points="834,3916 5046,3868 5045,3649 4561,3788 833,3671"/>
                <Baseline points="858,3862 1066,3860 1274,3858 1482,3856 1690,3854 1898,3854 2106,3852 2314,3850 2522,3850 2730,3850 2939,3848 3147,3848 3355,3846 3563,3846 3771,3844 3979,3844 4187,3842 4395,3842 4603,3840 4811,3839 5020,3838"/>
                <TextEquiv>
                    <Unicode>tiven Septimenaccorde liegt im Allgemeinen nahe genug, wenn</Unicode>
                </TextEquiv>
            </TextLine>
            <TextLine id="r2l16" custom="readingOrder {index:2;} concept_mus {offset:8; length:15;} m_chord {offset:33; length:6;} concept_mus {offset:44; length:9;}">
                <Coords points="855,4098 5047,4060 4952,3868 854,3915"/>
                <Baseline points="880,4064 1087,4062 1294,4060 1501,4059 1708,4058 1915,4056 2122,4056 2329,4054 2536,4054 2743,4052 2950,4052 3157,4050 3364,4050 3571,4048 3778,4047 3985,4046 4192,4044 4399,4041 4606,4038 4813,4036 5020,4032"/>
                <TextEquiv>
                    <Unicode>der dem unvollständigen folgende Accord ein positiver ist wie</Unicode>
                </TextEquiv>
            </TextLine>
            <TextLine id="r2l17" custom="readingOrder {index:3;} m_chord {offset:23; length:3;} textStyle {offset:25; length:1;fontSize:0.0; kerning:0; superscript:true;} m_chord {offset:34; length:7;} m_chord {offset:43; length:2;} m_chord {offset:53; length:5;}">
                <Coords points="834,4342 2616,4241 3869,4394 4405,4239 5020,4281 5019,4088 833,4160"/>
                <Baseline points="860,4268 1066,4266 1273,4264 1480,4263 1687,4262 1894,4260 2100,4260 2307,4258 2514,4258 2721,4256 2928,4256 3134,4254 3341,4253 3548,4252 3755,4250 3962,4248 4168,4246 4375,4243 4582,4240 4789,4237 4996,4234"/>
                <TextEquiv>
                    <Unicode>z. B. in Beziehung auf +c7 (d. i. c e g b) +f (d. i. F-dur)</Unicode>
                </TextEquiv>
            </TextLine>
            <TextLine id="r2l18" custom="readingOrder {index:4;} m_chord {offset:5; length:2;} m_chord {offset:15; length:5;}">
                <Coords points="850,4598 1491,4618 1621,4529 2054,4461 2315,4528 2393,4512 2393,4325 2236,4367 2116,4294 2064,4336 1908,4284 1350,4388 1220,4284 1048,4363 1001,4321 849,4363"/>
                <Baseline points="876,4456 950,4460 1025,4464 1099,4466 1174,4466 1249,4466 1323,4466 1398,4466 1472,4464 1547,4464 1622,4462 1696,4460 1771,4460 1845,4458 1920,4458 1995,4458 2069,4458 2144,4460 2218,4463 2293,4468 2368,4472"/>
                <TextEquiv>
                    <Unicode>oder +a (d. i. A-dur),</Unicode>
                </TextEquiv>
            </TextLine>
            <TextEquiv>
                <Unicode>Diese Ableitung des unvollständigen Accordes von dem posi¬&#13;
tiven Septimenaccorde liegt im Allgemeinen nahe genug, wenn&#13;
der dem unvollständigen folgende Accord ein positiver ist wie&#13;
z. B. in Beziehung auf +c7 (d. i. c e g b) +f (d. i. F-dur)&#13;
oder +a (d. i. A-dur),</Unicode>
            </TextEquiv>
        </TextRegion>
        <MusicRegion id="Music_1632843547430_3714" custom="readingOrder {index:3;} structure {type:floating;}">
            <Coords points="837,4515 5023,4515 5021,5101 837,5101"/>
        </MusicRegion>
        <TextRegion orientation="0.0" type="paragraph" id="TextRegion_1632843513910_3694" custom="readingOrder {index:4;} structure {type:paragraph;}">
            <Coords points="837,5101 5021,5101 5018,6130 837,6130"/>
            <TextLine id="r2l30" custom="readingOrder {index:0;} m_note {offset:41; length:3;} m_note {offset:45; length:1;}">
                <Coords points="839,5288 5062,5246 4972,5007 3173,4985 2617,5175 2261,5026 838,5017"/>
                <Baseline points="866,5268 1074,5264 1283,5262 1491,5260 1700,5258 1908,5256 2117,5254 2325,5252 2534,5252 2742,5250 2951,5250 3159,5250 3368,5248 3576,5248 3785,5248 3993,5248 4202,5246 4410,5246 4619,5246 4827,5244 5036,5244"/>
                <TextEquiv>
                    <Unicode>wo in dem ersten Fall der zu supplirende Ton c auch die ideelle</Unicode>
                </TextEquiv>
            </TextLine>
            <TextLine id="r2l31" custom="readingOrder {index:1;} m_chord {offset:19; length:7;} m_chord {offset:27; length:5;} m_chord {offset:37; length:5;}">
                <Coords points="852,5513 4835,5517 5048,5334 851,5320"/>
                <Baseline points="876,5468 1083,5466 1290,5462 1497,5460 1704,5456 1912,5454 2119,5452 2326,5452 2533,5450 2740,5450 2948,5448 3155,5448 3362,5448 3569,5448 3776,5448 3984,5448 4191,5448 4398,5448 4605,5448 4812,5448 5020,5448"/>
                <TextEquiv>
                    <Unicode>Verwandtschaft der Accorde e g b und f a c begründet, hingegen</Unicode>
                </TextEquiv>
            </TextLine>
            <TextLine id="r2l32" custom="readingOrder {index:2;} m_note {offset:15; length:3;} m_note {offset:19; length:1;}">
                <Coords points="849,5684 5041,5651 5040,5525 4388,5482 848,5517"/>
                <Baseline points="876,5678 1082,5672 1289,5666 1496,5662 1703,5658 1910,5656 2117,5654 2324,5652 2531,5652 2738,5650 2945,5650 3151,5650 3358,5650 3565,5650 3772,5650 3979,5650 4186,5650 4393,5649 4600,5648 4807,5646 5014,5642"/>
                <TextEquiv>
                    <Unicode>im zweiten der Ton e sich als verwandt zeigt, wie aus den hier</Unicode>
                </TextEquiv>
            </TextLine>
            <TextLine id="r2l33" custom="readingOrder {index:3;}">
                <Coords points="877,5939 5053,5869 4979,5682 876,5730"/>
                <Baseline points="904,5880 1110,5874 1316,5870 1522,5866 1728,5863 1934,5860 2140,5858 2346,5858 2552,5856 2758,5856 2965,5856 3171,5854 3377,5854 3583,5854 3789,5854 3995,5854 4201,5854 4407,5852 4613,5851 4819,5849 5026,5846"/>
                <TextEquiv>
                    <Unicode>folgenden Combinationen erhellet, in welchen der in Parenthese</Unicode>
                </TextEquiv>
            </TextLine>
            <TextLine id="r2l34" custom="readingOrder {index:4;}">
                <Coords points="853,6112 1244,6087 1616,6224 2099,6088 2262,6159 2573,6062 3039,6198 3726,6065 3724,5919 3515,5859 852,5945"/>
                <Baseline points="880,6086 1020,6082 1161,6078 1302,6075 1443,6072 1584,6070 1725,6068 1866,6066 2007,6064 2148,6064 2289,6062 2429,6062 2570,6060 2711,6059 2852,6058 2993,6057 3134,6056 3275,6054 3416,6054 3557,6052 3698,6050"/>
                <TextEquiv>
                    <Unicode>befindliche Bestandtheil der hinzugedachte ist:</Unicode>
                </TextEquiv>
            </TextLine>
            <TextEquiv>
                <Unicode>wo in dem ersten Fall der zu supplirende Ton c auch die ideelle&#13;
Verwandtschaft der Accorde e g b und f a c begründet, hingegen&#13;
im zweiten der Ton e sich als verwandt zeigt, wie aus den hier&#13;
folgenden Combinationen erhellet, in welchen der in Parenthese&#13;
befindliche Bestandtheil der hinzugedachte ist:</Unicode>
            </TextEquiv>
        </TextRegion>
        <GraphicRegion id="Graphic_1632843572750_3729" custom="readingOrder {index:5;} structure {type:floating;}">
            <Coords points="837,6130 5018,6130 5017,6521 837,6521"/>
        </GraphicRegion>
        <TextRegion orientation="0.0" id="TextRegion_1632843503749_3686" custom="readingOrder {index:6;} structure {type:paragraph-continued;}">
            <Coords points="837,6521 5017,6521 5016,7114 837,7114"/>
            <TextLine id="r2l39" custom="readingOrder {index:0;}">
                <Coords points="1160,6704 5013,6716 4897,6493 4553,6468 1159,6485"/>
                <Baseline points="1186,6672 1376,6669 1566,6666 1756,6662 1946,6658 2136,6656 2326,6652 2516,6650 2706,6648 2896,6646 3086,6644 3276,6642 3466,6642 3656,6642 3846,6642 4036,6642 4226,6644 4416,6648 4606,6650 4796,6656 4986,6660"/>
                <TextEquiv>
                    <Unicode>Der Grund dieser Ableitung findet aber alsdann nicht statt,</Unicode>
                </TextEquiv>
            </TextLine>
            <TextLine id="r2l40" custom="readingOrder {index:1;} concept_mus {offset:13; length:15;} m_chord {offset:38; length:6;} concept_mus {offset:49; length:9;}">
                <Coords points="831,6911 4893,6955 5028,6714 831,6718"/>
                <Baseline points="858,6878 1065,6872 1272,6868 1479,6863 1686,6860 1894,6856 2101,6854 2308,6852 2515,6850 2722,6850 2930,6848 3137,6848 3344,6848 3551,6849 3758,6850 3966,6852 4173,6852 4380,6854 4587,6856 4794,6858 5002,6862"/>
                <TextEquiv>
                    <Unicode>wenn der dem unvollständigen folgende Accord ein negativer ist,</Unicode>
                </TextEquiv>
            </TextLine>
            <TextLine id="r2l41" custom="readingOrder {index:2;} m_chord {offset:10; length:2;} m_chord {offset:14; length:6;}">
                <Coords points="816,7166 1141,7220 2053,7197 2170,7094 2530,7090 2525,6913 2311,6893 2193,6963 1946,6881 1745,6985 1537,6996 1394,6927 1260,6988 987,6916 811,6957"/>
                <Baseline points="842,7084 925,7082 1008,7080 1091,7078 1174,7076 1257,7074 1340,7072 1423,7069 1506,7066 1589,7064 1672,7062 1755,7060 1838,7058 1921,7055 2004,7053 2087,7050 2170,7049 2253,7048 2336,7046 2419,7045 2502,7044"/>
                <TextEquiv>
                    <Unicode>wie z. B. -a (D-moll):</Unicode>
                </TextEquiv>
            </TextLine>
            <TextEquiv>
                <Unicode>Der Grund dieser Ableitung findet aber alsdann nicht statt,&#13;
wenn der dem unvollständigen folgende Accord ein negativer ist,&#13;
wie z. B. -a (D-moll):</Unicode>
            </TextEquiv>
        </TextRegion>
        <MusicRegion id="Music_1632843557670_3721" custom="readingOrder {index:7;} structure {type:floating;}">
            <Coords points="837,7114 5016,7114 5014,8046 837,8068"/>
        </MusicRegion>
    </Page>
</PcGts>
