5704 9158
2845 504 3100 831 48
1202 810 5065 1104 Auch die Verwandtschaft dieser Accorde mit +g7 ist keine
873 1072 5037 1310 reelle oder unmittelbare, sondern nur eine durch +c vermittelte.
886 1296 5075 1540 Der Accord -e hat die Bestandtheile c und e und die Accorde
919 1484 5082 1727 +a und +e haben den Bestandtheil e mit +c gemein, wie aus
890 1680 3316 1916 dem folgenden Schema zu ersehen ist:
1228 2305 5045 2564 Die Zulässigkeit von dergleichen sogenannten elliptischen Ac¬
886 2515 5059 2727 cordfolgen oder Ellipsen ist nicht zu bestreiten, indem die indirecte
902 2720 5070 2934 Beziehung, der mittelbare Zusammenhang der nicht verwandten
896 2921 5064 3158 Accorde auf die gegebene Weise — durch Substitution der mit dem
897 3121 5075 3344 Accorde der Tonica verwandten Accorde für denselben — erklär¬
897 3348 1431 3562 lich ist.
1245 3472 5061 3745 Man hat die Substitution von Accorden nicht nur auf ein¬
898 3719 5071 4002 fache (consonirende), sondern auch auf zusammengesetzte (dissoni¬
890 3943 2400 4204 rende) Accorde erstreckt.
1225 4096 5083 4336 Dadurch ist denn die Folge von dissonirenden Accorden ent¬
913 4329 5025 4549 standen. Auf solche Weise geht z. B. aus der Accordfolge +g7
926 4541 5078 4773 +c die Accordfolge +g7 +c7, aus der Folge +g7 +e die
943 4695 2661 4979 Folge +g7 +e7 hervor:
1234 5469 5087 5717 Bei dergleichen Folgen von Septimenaccorden finden jedoch
916 5692 5069 5887 mannichfache Beschränkungen statt, deren Gründe nach den bishe¬
912 5918 5091 6132 rigen Forschungen über den Zusammenhang der Accorde nicht
935 6085 5088 6319 schwer darzulegen sind von den Tonkünstlern in der Regel aber
933 6274 5090 6508 mehr geahnet und gefühlt, als aus Gründen der Wissenschaft
920 6483 5094 6702 erkannt werden. Eine weitere Ausführung dieses Gegenstandes
925 6681 4774 6915 werde ich in einer umfassenderen musikalischen Theorie geben.
1285 6902 5082 7207 Im Rückblick auf den aus der Reihe der Aliquottöne und
927 7139 4734 7396 deren Zahlenverhältnisse hervorgehenden tonischen Gegensatz
927 7644 4641 7962 erkennen wir die einfachen, unter sich gleichartigen Accorde
