5704 9204
2702 563 2983 814 28
747 814 4940 1141 und zwar dem Vorhergehenden zufolge, irriger Weise für den
782 1079 4950 1309 Grundton dieses Accordes angenommen hat, sondern wir erhalten
748 1295 4928 1545 in den vorstehenden Accordbestandtheilen die Prime, Terz und
751 1496 4929 1715 Quinte der, der aufsteigenden (so zu sagen positiven) entgegenge¬
784 1698 4915 1946 setzten (negativen) Scala vom Grundton c, von welchem ausge¬
756 1898 4918 2130 hend denn auch die Intervalle des Moll-Accordes (negativen Ac¬
739 2143 4955 2364 cordes) denen des Dur-Accordes (positiven Accordes) ihrer Folge
732 2264 3389 2587 und Größe nach vollkommen entsprechen:
733 3286 4948 3517 Es entspricht in dem vorstehenden Schema der entgegengesetzten
716 3509 4936 3739 Accorde in Terzengestalt das Intervall der aufsteigenden Quinte
740 3676 4934 3961 c} g} (d. i. die sogenannte reine Quinte, außer welcher es im
747 3895 4915 4133 Grunde keine Quinte giebt) seiner Größe nach vollkommen dem
751 4109 4925 4330 der absteigenden c} f, und eben so das der aufsteigenden Terz c} e}
779 4317 4941 4536 (d. i. die sogenannte große Terz, außer welcher es im Grunde
756 4520 4918 4720 keine Terz giebt) vollkommen dem der absteigenden c} as. Dem¬
725 4713 4898 4963 nach liegt der Grundton c} des Dur-Accordes c} e} g} in der Tiefe,
734 4915 4912 5155 hingegen der des Moll-Accordes f as c} in der Höhe. Bei dem
743 5098 4900 5355 Dur-Accord in seiner faßlichsten Form (d. i. die Terzengestalt)
749 5317 4932 5554 fallen mithin Baßton und Grundton zusammen, aber bei dem
725 5515 4913 5739 Moll-Accord in gleicher Form ist der Baßton die Quinte. Das ist
720 5689 4898 5927 auch wohl der Grund für die schwächere Wirkung des Baßtones
726 5877 4909 6103 des Moll-Accordes, und somit dieses Accordes überhaupt, im
714 6098 4902 6275 Vergleich zum Dur-Accord; das wohl der Grund für die Em¬
736 6320 4919 6518 pfindung des Schwachen, Gedrückten, Leidenden, Traurigen beim
722 6526 4911 6760 Anhören von Moll-Accorden im Gegensatz zu der Kräftigung, Zu¬
715 6737 4904 6973 versicht, Erhebung und Freude, welche beim Anhören von Dur-
709 6905 4918 7171 Accorden unser Gemüth erfüllt. Die Erfahrung, daß bei dem
721 7144 4900 7346 Dur-Accorde das Gefühl der Kraft vermindert und bei dem Moll-
718 7324 4886 7513 Accorde das der Schwäche vermehrt wird, wenn statt der eigen¬
725 7512 4897 7730 thümlichen Baßtöne dieser Dreiklänge andere, höher liegende Be¬
746 7720 4866 7986 standtheile derselben zum Baßtone gewählt werden, zeigt offenbar,
