5704 9158
2744 512 3007 908 44
758 853 4917 1179 Das ist in Beziehung auf die oben betrachteten Accorde +f6 und
785 1117 4914 1413 +g7 der Accord +c, wie sich dies bei der Accordverbindung
823 1338 3609 1573 +f6 +g7 +c unzweideutig herausstellt:
1061 2647 4915 2967 Der die Vereinigung des Accordes +f und +g erklärende
738 2928 4923 3183 Accord +c ist derjenige, in welchen sich +g7, dem gewöhnlichen
776 3088 4913 3356 Sprachgebrauch gemäß, auflöst, wonach sich denn die Folge der
750 3319 4908 3567 einzelnen Bestandtheile von +g7, zu +c efolgendermaßen näher be¬
793 3521 4893 3739 stimmen läßt und sogar zum Theil als nothwendig herausstellt. So
767 3732 4900 3975 in Betreff der Accordverbindung +g7 +c im vorstehenden Bei¬
779 3903 4864 4161 spiele: die Tonfolge von f (d. i. die Septime des Accordes +g7)
748 4124 4902 4379 zu e (d. i. die Terz des Accordes +c); ferner die Folge von h
783 4310 4896 4524 (d. i. die Terz des Accordes +g7) zu c (d. i. — wenn eine Ver¬
750 4517 4898 4741 doppelung dieses Bestandtheils statt findet — die Octave vom
752 4697 2705 4947 Grundton des Accordes +c).
1047 4893 4901 5186 Die angeführten Töne sind in Beziehung auf die erwähnte
720 5112 4893 5334 Accordverbindung diejenigen, welche im Tonraume einander zu¬
737 5318 4895 5618 nächst liegen, und deren Verleugnung — ohne Berücksichtigung
736 5489 4888 5709 besonderer Umstände — unserem Gefühle eben so sehr widerstrei¬
743 5696 4896 5971 tet, als das Springen mit einem verwandten Ton, oder wohl gar
729 5896 4888 6164 das Auslassen desselben. Wie durch jenes der melodische, so wird
721 6117 4853 6368 durch dieses der harmonische Zusammenklang (genauer bezeichnet:
722 6334 4829 6542 die Accordverwandtschaft) wenn auch nicht innerlich aufgehoben,
723 6530 4854 6766 doch äußerlich verleugnet. Man hat deshalb bei der Darstellung
699 6752 4862 6957 von Accordverbindungen das Aufsuchen der nächsten Fortschrei¬
737 6907 4864 7154 tungen und das Liegenlassen der verwandten Töne als zwei der
722 7119 4865 7349 bemerkenswerthesten, insbesondere in Hinsicht auf die Lehre von
724 7305 4862 7556 dem mehrstimmigen Tonsatze wichtigen musikalischen Forderungen
715 7522 4863 7770 aufgestellt und die Erfüllung derselben namentlich für den vier¬
736 7706 3485 7969 stimmigen Satz als sehr folgenreich erkannt.
