5704 9262
2671 544 2968 875 42
677 845 4920 1161 die übrigen Bestandtheile a und c dieses Accordes, in ihrer nächsten
675 1134 4913 1371 Lage über dem Grundton, die Harmonie zerstören würden, wie die
724 1353 2816 1598 folgende Combination andeutet:
1013 1923 4920 2128 Der Accord +f6 enthält den Accord +f vollständig und
688 2097 4910 2386 als Repräsentanten für +g die Quinte d dieses Accordes, durch
688 2324 4018 2592 welchen Bestandtheil in der bekannten Combination
681 2724 4898 2990 die Terzengestalt nicht mehr als bisher erweitert, indem dadurch
676 2953 4903 3142 das Intervall der harmonischen Septime abgegrenzt wird. Die
696 3141 4902 3381 übrigen Bestandtheile g und h des Accordes +g können nicht
671 3363 4898 3590 mehr in die harmonische Verbindung der Bestandtheile des Accor¬
691 3570 4929 3809 des +f6 aufgenommen werden, weil sie in ihrer nächsten Lage
699 3752 3101 3986 über dem Grundton f dieses Accordes
683 4312 4884 4567 die Terzengestalt und mit derselben auch die Harmonie der accord¬
684 4569 2624 4806 lichen Töne zerstören würden.
979 4709 4896 4957 Das nämliche findet in Beziehung auf die vorstehenden ein¬
726 4925 4905 5187 fachen negativen Accorde -g, -d, -a statt. Auch die mit ein¬
677 5178 4899 5371 ander unmittelbar nicht verwandten Accorde -g und -a, welche
682 5361 2885 5669 dem Accorde -d entgegen stehen,
676 5933 4877 6211 vermögen sich auf zweifache Weise zu durchdringen, und zwar so,
675 6173 4886 6371 daß in dem zusammengesetzten negativen Accorde a c es g (d. i.
706 6351 4906 6567 -g7) der Accord c es g (d. i. -g) vollständig enthalten und
684 6567 4901 6821 d f a (d. i. -a) durch den Grundton a repräsentirt ist, weil
664 6796 4891 7005 durch die Aufnahme der übrigen Bestandtheile d und f dieses Ac¬
685 7002 4901 7254 cordes die Terzengestalt aufgehoben und die Harmonie zerstört
685 7206 4157 7447 werden würde, wie folgende Combination zeigen mag:
988 7802 4894 8074 Dagegen ist bei der zweiten Durchdringungsart in dem zu¬
