5704 9258
1127 3011 5057 3288 Durch den Zusammenklang aller Bestandtheile der diatonischen
841 3274 5042 3541 Tonleiter entsteht für uns eine Disharmonie (Mißklang), wonach
839 3515 5066 3720 wir wohl annehmen dürfen, daß nicht alle Töne der Scala in
862 3711 5058 3899 einer gleich nahen Beziehung zu einander stehen und eben deshalb
884 3915 5049 4113 sich nicht alle gleichzeitig vereinigen lassen. In dieser Annahme
857 4125 5032 4368 werden wir bestärkt, indem wir durch fortgesetzte Vergleichung
843 4332 5055 4574 erfahren, daß einzelne Bestandtheile der sogenannten diatonischen
847 4534 5048 4774 Leiter allerdings gleichzeitig erfaßt werden können und demnach
854 4693 5066 4938 Harmonie (im engeren Wortsinne) geben oder die Bildung von
858 4938 5054 5170 Accorden gestatten, deren Bestandtheile in Hinsicht auf ihre Höhe
863 5121 5075 5325 und Tiefe sehr wohl von einander zu unterscheiden sind. Von den
856 5357 5058 5577 Bestandtheilen dieser Scala, und zwar ebensowohl der Dur-, als
862 5567 5069 5772 auch der Molltonleiter, vereinigen sich die Prime, Terz und
860 5747 5062 5968 Quinte, desgleichen die Versetzungen dieser Bestandtheile zu
855 5952 5046 6171 Prime, Terz und Sexte, wie auch zu Prime, Quarte und Sexte,
848 6183 5060 6433 zu sogenannten consonirenden Dreiklängen, wie aus dem Beispiel 1
858 6426 1924 6855 zu ersehen ist; $$MUSIC
852 6848 5069 7104 dann die Prime, Terz und Quinte und sogenannte kleine Sep¬
863 7089 5075 7282 time (das ist die harmonische, welche in der aufsteigenden Dur¬
845 7275 5056 7474 tonleiter einen halben Ton tiefer, als die wirkliche oder melo¬
852 7460 5048 7663 dische Septime liegt), desgleichen die Versetzungen dieser Bestand¬
844 7691 5030 7927 theile zu Prime, Terz, Quinte und Sexte, ferner zu Prime, Terz,
851 7902 5063 8127 Quarte und Sexte und endlich zu Prime, Secunde, Quarte und
