5704 9387
2632 531 2863 873 67
968 1623 4921 1841 Unbefriedigend ist diese Tonreihe nach dem Schlusse hin, und
645 1834 4901 2037 zwar deshalb, weil der Ton es nicht Bestandtheil und folglich auch
623 2068 4900 2238 nicht Repräsentant des Leitaccordes zum Tonicaaccord -c ist
625 2283 4913 2453 und daher weder die Cadenz in der Harmonie, noch der Leitton zu
637 2435 4898 2658 f in der Melodie wahrgenommen wird. Der Abschluß der aufstei¬
655 2655 4911 2869 genden Tonreihe wird zunächst dadurch bewirkt, daß man den ver¬
626 2826 4919 3061 mißten Leitton einführt, d. h. den Ton e aus der positiven Scala
647 3077 4882 3294 für den Bestandtheil es in der negativen substituirt. Dadurch er¬
617 3218 4900 3464 hält man die von der negativen Scala in einem Bestandtheil ab¬
625 3447 1989 3745 weichende Tonreihe:
2061 3630 3489 3896 f g as b c d es e f.
964 3855 4901 4184 Somit entsteht in dieser im Beispiel 27 aufgestellten Ton¬
652 4117 4892 4366 folge eine sogenannte übermäßige Fortschreitung, deren Unzuläs¬
652 4366 4881 4583 sigkeit in Beziehung auf den wirklich melodischen Fortgang aus
635 4544 4880 4753 der Umkehrung der Bestandtheile des Intervalles leicht zu erweisen
616 4763 3392 5024 ist, was wir hier als bekannt voraussetzen.
972 5633 4883 5920 Um das auf solche Weise herbeigeführte (melodisch betrach¬
595 5879 4883 6075 tet) zu große Intervall nach dem Maaße auszugleichen, wie es
606 6060 4862 6293 das Gesetz für die diatonische Reihe (und zwar sowohl für die po¬
632 6265 4867 6543 sitive, als negative) zeigt, muß der negativen Scala noch ein
616 6475 4867 6707 Bestandtheil entzogen und dafür ein zweiter aus der positiven ein¬
609 6728 4881 6934 geführt, es muß nämlich für den Bestandtheil des der Ton d sub¬
655 6895 4858 7093 stituirt werden. Denn da das übermäßige Intervall von 1½ Ton
613 7131 4874 7344 in der aufsteigenden Tonfolge durch Substitution eines höheren
604 7285 4865 7518 Tones für den einen, ursprünglich in der negativen Reihe befind¬
627 7528 4867 7746 lichen entstanden ist, so kann es auch nur durch abermalige Sub¬
630 7699 4864 7954 stitution für den anderen, ursprünglich der negativen Reihe ange¬
621 7941 4861 8239 hörigen in das eines ganzen Tones (bekanntlich das größte Inter¬
