5704 9266
2831 509 3120 836 58
877 853 5072 1161 in der accordlichen Form die Umkehrung und den Gegensatz der¬
908 1114 5083 1380 selben unterschieden; nun wollen wir sehen, ob und in wie weit
880 1341 5096 1576 dieser Unterschied bei den melodischen Elementen der positiven
905 1531 5085 1781 Scala — als der aus dem Gegensatz positiver Accorde entwickelten
865 1778 5076 2002 einfachsten und faßlichsten Melodie — hervortritt und musikalisch
875 1948 3695 2179 zulässig oder wohl gar nothwendig erscheint.
1188 2142 5076 2371 Als Umkehrung der aufsteigenden positiven Scala erhalten
886 2356 4252 2591 wir die absteigende, wie sie das Beispiel 19 darstellt:
1198 3117 5044 3335 Auch diese Tonfolge ist nicht etwa, wie es bisher geschehen,
876 3335 5060 3549 als etwas unmittelbar Gegebenes zu betrachten, das lediglich auf
907 3507 5091 3752 sich beruht und nicht weiter zu erklären ist, auch ihre Faßlichkeit ist
903 3699 5072 3950 harmonisch zu begründen. Man würde jedoch in einen Irrthum
876 3970 5082 4158 verfallen, wenn man nach allem dem annehmen wollte, daß die
918 4117 5092 4383 Faßlichkeit der Melodie der umgekehrten positiven Scala auf der
880 4330 5076 4591 umgekehrten Folge von Accorden beruhe, deren Repräsentanten die
877 4522 5088 4763 Töne der aufsteigenden positiven Scala sind. Denn zunächst ist zu
878 4735 5063 4965 erwägen, daß wir die absteigende positive Scala nicht, wie die auf¬
893 4922 5084 5166 steigende aus der Verbindung entgegengesetzter Accorde, sondern aus
885 5134 5081 5407 der Umkehrung der Tonfolge der aufsteigenden positiven Scala
880 5354 5038 5589 gewonnen haben. Obwohl eine und dieselbe Tonfolge (Melodie)
873 5559 5058 5788 auf verschiedene Accordfolgen (Harmonien) bezogen werden kann,
906 5744 4607 6013 so ist doch von allen diesen in Beziehung auf die Tonfolge
2414 5963 3618 6223 c h a g f e d c
882 6143 1920 6416 die Accordfolge
1528 6362 4505 6604 +c +g7 +f6 +c +f +c +g +c
879 6522 5076 6769 insoweit, als sie sich auf die Accorde der umgekehrten Schlußformel
882 6755 5083 6980 erstreckt, davon ausgeschlossen. Daß diese nicht Anfangsformel
924 6958 5099 7187 sein könne, leuchtet schon ohne Weiteres ebenso klar ein, wie die
896 7158 5076 7380 Unmöglichkeit der Gleichstellung und Verwechselung von Vorder¬
912 7353 5051 7576 satz und Nachsatz, Anfang und Ende, Grund und Folge, Umkeh¬
893 7533 5083 7755 rung und Gegensatz und dergleichen. Namentlich sind diese letzte¬
891 7770 5097 8043 ren Begriffe in Beziehung auf Harmonie streng aus einander zu
