5704 9237
2857 475 3199 781 32
942 770 5083 1181 sprechenden Töne zu Bestandtheilen des positiven Quinten¬
892 1072 1523 1323 accordes.
1205 1308 5087 1566 Das Gesetz der den Tönen des positiven Quintenaccordes
894 1474 2641 1768 entsprechenden Zahlenreihe
2652 1702 3337 2028 $$MATH
877 1903 2349 2212 ist demnach folgendes:
874 2467 5076 2771 Nach diesem Gesetze läßt sich die Reihe beliebig weit, und zwar
900 2722 2605 2990 folgendergestalt entwickeln:
1170 3613 5069 3894 Das vierte Glied dieser Reihe, nämlich $$MATH ist größer als 1.
848 3780 5055 4085 Die dem Werthe von $$MATH entsprechende schwingende Länge giebt da¬
858 4040 5060 4295 her einen Ton, welcher tiefer als der Grundton ist. So lange die
853 4228 5049 4502 Accordbildung vom Grundton c aufwärts erfolgen soll, läßt sich
874 4424 5061 4701 der, aus der schwingenden Länge von $$MATH gewonnene tiefere Ton b
849 4655 5055 4857 nicht mit in den, aus den Bestandtheilen der aufsteigenden Reihe
873 4852 5048 5073 gebildeten Accord c e g aufnehmen; dies kann aber in dem Falle
864 5049 5043 5263 geschehen, wenn der Ton b in die nächst höhere Octave verpflanzt
842 5267 5044 5496 wird, wenn mithin seine Höhe der Länge von $$MATH entspricht, indem
836 5446 5041 5672 er alsdann der aufsteigenden Reihe angehört und zu den drei Be¬
883 5609 5028 5866 standtheilen des consonirenden positiven Accordes c e g als vier¬
861 5843 5048 6140 tes, dissonirendes Element in Terzengestalt tritt. In der nach der
846 6054 3750 6302 Richtung aufwärts vergrößerten Terzengestalt
2624 6252 3239 6544 c} e} g} b}
837 6476 5060 6744 begrenzt der Intervallton b mit dem Grundton c des dissonirenden
833 6686 5034 6920 Accordes das Intervall der aufsteigenden, aber außer der Scala
841 6911 5027 7103 von C liegenden, sogenannten kleinen, d. i. harmonischen Sep¬
849 7113 5030 7302 time, und formirt mit den übrigen an sich consonirenden Bestand¬
846 7275 5027 7561 theilen den positiven Septimenaccord +c7, als dessen Gegensatz
854 7511 3894 7759 -c7, d. i. den Bestandtheilen nach der Accord
2622 7707 3259 7967 d f as c}
