5704 9162
2768 475 3012 791 35
757 1347 1715 1623 als negativen:
748 1916 4940 2237 Demzufolge erscheint der Accord im Allgemeinen als ein Ton in
783 2223 1827 2457 höherer Potenz.
1077 2351 4967 2665 Rücksichtlich der vorstehenden positiven Accorde verwendet sich
770 2648 4941 2860 der Grundton von +c (d. i. der C-dur-Accord) zur positiven
743 2886 4950 3102 Quinte von +f (d. i. der F-dur-Accord) und der Grundton von
786 3016 4952 3271 +f zur positiven Quinte von +b (d. i. der B-dur-Accord). In
760 3223 4921 3487 Betreff der negativen Accorde auf denselben Tönen verwendet sich
773 3441 4950 3668 die negative Quinte (nämlich der Baßton c) von -g (d. i. der
779 3667 4894 3900 C-moll-Accord) zum Grundton von -c (d. i. der F-moll-Accord)
750 3823 4932 4079 und die negative Quinte von -c (nämlich der Baßton f) zum
771 4053 4916 4265 Grundton von -f (d. i. der B-moll-Accord). Bei den Duraccor¬
765 4253 4922 4462 den erweist sich sonach die Verwandtschaft von +c und +f, wie
766 4432 4932 4747 auch die von +b und +f, daher die mittelbare Beziehung der
765 4681 3726 4953 Accorde +c und +b durch den Accord +f.
1090 4862 4914 5127 Der Septimenaccord ist demgemäß die, wenngleich unvoll¬
768 5045 4929 5315 ständige, doch rein harmonische Verbindung zweier zwar nicht hör¬
749 5308 4899 5540 bar, aber denkbar, nicht reell, aber ideell verwandter Accorde, und
752 5451 4918 5727 kann in dieser Beziehung als ein zusammengesetzter Accord be¬
757 5655 4928 5913 trachtet werden, dem als Elemente die einfachen Accorde (Quin¬
758 5823 4929 6165 tenaccorde) entgegenstehen. So der Accord +c7, dessen Bestand¬
782 6027 4931 6322 theile c e g b, als zusammengesetzt aus +c und +b, wo also
758 6259 4944 6464 der Bestandtheil b den Accord +b repräsentirt. Desgleichen, im
755 6467 4889 6704 Hinblick auf die vorstehenden negativen Accorde, der Accord -f7,
782 6645 4928 6919 bestehend aus den Tönen g b des f, als zusammengesetzt aus -f
786 6858 4884 7109 (d. i. B-moll) und -g (d. i. C-moll), wo der Bestandtheil g
744 7102 4915 7316 den Accord -g repräsentirt. Wie der positive Septimenaccord
747 7289 4913 7482 aus positiven, so ist demnach der negative aus negativen Accorden
751 7454 4896 7721 zusammengesetzt. So auch beispielsweise ist der, dem vorhin be¬
740 7665 4922 7956 trachteten +c7 entgegengesetzte -c7, in welchem die Töne d f
