5704 9158
2722 554 2978 843 49
777 1350 4978 1568 als solche, welche sich zunächst auf einander beziehen und einen
809 1512 1919 1767 Gegensatz bilden.
1108 1708 4951 1920 Der Accord c e g ist mit jedem der ihm entgegengesetzten
811 1910 4949 2148 gleichartigen f a c und g h d durch einen Bestandtheil, daher —
794 2104 4949 2359 wie man sagt — in gleichem Grade verwandt; c e g mit f a c
772 2289 4947 2496 durch c und c e g mit g h d durch g. Von diesem Gesichtspuncte
792 2522 4967 2740 aus betrachtet haben beide, dem Grundaccorde entgegengesetzte
788 2721 4953 2932 gleichartige Zusammenklänge gleiche Folgeberechtigung. Bei ge¬
772 2930 4968 3136 nauer Betrachtung der Accordverbindung ergiebt sich aber, daß die
793 3104 4943 3317 Verwendung der Töne selbst von dem einen zum anderen Accorde
785 3300 4961 3569 eine ungleiche ist. Bei der Verbindung +c +f verwendet sich
768 3525 4948 3754 der Grundton des ersten zur Quinte des zweiten Accordes, die
774 3716 4955 3968 Kraft des verwandten Tones c nimmt demnach ab; dagegen ver¬
790 3922 4935 4150 wendet sich bei der Verbindung +c +g die Quinte des
775 4127 4945 4286 ersten zum Grundton des zweiten Accordes, die Kraft des ver¬
777 4317 4952 4515 wandten Tones nimmt somit zu. Es ist daher die Anziehung von
790 4517 4945 4734 +c zu +g stärker, als die von +c zu +f, und es stimmt, wie
775 4711 4945 4899 überall, so auch im Tonreiche die Zunahme der anziehenden Kräfte
765 4903 4926 5141 mit dem Fortgang der Entwickelung zusammen; die letztere ist
774 5095 4949 5334 Folge der ersteren. Hiernach erweist sich der Accord +g, dessen
782 5321 4943 5566 Grundton auch in +c als Quinte klingt, als der diesem zunächst
794 5513 4929 5746 folgende Accord, und stellt sich damit zugleich die positive (d. i.
784 5705 4960 5977 die aufsteigende) Richtung als die primäre für die musikalische
781 5894 2183 6153 Entwickelung heraus:
1067 6501 4905 6756 Der andere, dem Accord +c entgegengesetzte Accord +f
783 6701 4948 6956 (dessen Quinte in +c hörbar ist) kann dem Accord +g nicht
775 6937 4946 7164 unbedingt folgen, weil er mit ihm nicht verwandt ist. (Die formelle
765 7098 4931 7378 Bedingung für die Accordfolge +f +g, wie überhaupt für so¬
784 7318 4918 7535 genannte ideell verwandte Accorde, deren Annahme durch Sup¬
769 7522 4873 7733 plirung einer fünften Stimme unzweifelhaft wird, ist bekannt.)
743 7712 4919 8020 In dem hier vorliegenden Falle, wo von einer ideellen Verwandt¬
