5704 9258
2861 575 3133 805 18
1178 5969 5022 6199 Je größer die Schwingungszahlen und höher die Töne, desto
842 6226 5014 6430 kleiner werden die Intervalle und geringer die Tonunterschiede.
839 6402 5006 6648 Schon in der dreigestrichenen Octave gelangen wir zu Viertel¬
835 6594 5018 6807 tönen, von welchen wir bekanntlich in unserer praktischen Musik
822 6811 5025 7010 keinen Gebrauch machen, indem die halben Töne die nächstliegen¬
832 7009 5020 7186 den Bestandtheile einer Accordverbindung, mithin die nächstlie¬
851 7231 5013 7431 genden Töne sind, welche eine musikalische Beziehung zu einander
824 7395 5023 7597 haben. Durch das Ergebniß der vorstehenden Tabelle, daß dem
803 7625 5033 7822 Ton b der dreigestrichenen Octave die Zahl 29 nicht 28, als das
815 7810 5024 8053 Vierfache von 7 zukommt, wie man nach der Tonreihe der einge¬
