5704 9087
2889 506 3154 833 60
1227 2270 5052 2511 Aus den folgenden Betrachtungen wird sich unter Anderem
910 2503 5038 2748 ergeben, daß je mehr man sich von dem Ursprünglichen, Positiven
908 2750 5047 2959 entfernt, um so weniger man sich bei der Wahl der Verbindungen
915 2941 5048 3164 von Accorden gebunden fühlt. Stellte sich dies in Beziehung auf
917 3134 5024 3330 die Melodie, bei dem Uebergang von der aufsteigenden zur abstei¬
908 3335 5046 3548 genden positiven Scala heraus, so wird es noch mehr aus der
938 3544 5026 3770 Harmonisirung der negativen Scala und deren Umkehrung (d. i.
907 3746 5051 3954 der aufsteigenden negativen), wie auch aus der Harmonisirung der
900 3929 5017 4171 aus den Bestandtheilen der negativen Scala zu bildenden Moll¬
901 4103 2309 4360 tonleiter hervorgehen.
1231 4238 5041 4538 Auch von dem hier erreichten Standpuncte der Forschung aus
911 4526 5018 4695 vermögen wir unsere musikalische Kenntniß (insbesondere von der
908 4718 5031 4908 Melodie) nur dadurch gründlich zu erweitern, daß wir, dem einmal
892 4908 5040 5115 angenommenen Princip folgend, den Gegensatz der positiven Scala
889 5117 5032 5271 erforschen, d. h. die negative Scala entwickeln und, analog dem
904 5269 5012 5517 Vorhergehenden, nicht nur sie selbst, sondern auch ihre Umkehrung
908 5485 5011 5732 aufstellen, die Faßlichkeit der einen und anderen Tonfolge prüfen,
895 5656 3257 5871 und harmonisch zu begründen suchen.
1301 5825 5029 6104 Zu dem Zweck haben wir zunächst die Eigenthümlichkeit der
909 6065 5016 6306 positiven Scala oder eigentlich das Gesetz zu erforschen, nach wel¬
891 6294 5039 6475 chem diese Tonreihe fortschreitet, ganz davon abgesehen, ob sie von
883 6496 5042 6696 c oder von irgend einem anderen Tone aus beginnt. Die Angabe
903 6673 5010 6872 der Fortschreitung kann sich daher nicht auf einzelne Töne, sondern
891 6909 4993 7105 nur auf Tonabstände im Allgemeinen, d. h. auf die Entfernung
883 7046 5016 7246 der sogenannten Stufen der Leiter beziehen, somit auf die Entfer¬
879 7221 5022 7442 nung der Secunde von der Prime, der Terz von der Secunde, der
879 7458 4997 7679 Quarte von der Terz u. s. f. Hierzu bedarf es nun einer Maaß¬
894 7622 5007 7925 einheit. Als solche betrachten wir das Intervall des sogenannten
