5704 9129
2795 565 3029 869 39
1140 940 4956 1214 In diesem Falle liegt die Ableitung des unvollständigen Ac¬
824 1178 4971 1406 cordes von dem entgegengesetzten Vierklange, nämlich dem nega¬
844 1383 4980 1570 tiven Septimenaccord im Allgemeinen ungleich näher. Derselbe
799 1612 4982 1817 entsteht analog den vorhergehenden, indem man in der Oberstimme
798 1802 4966 2013 eine Terz hinzusetzt. Dies geschieht von b aus aufwärts durch
832 1982 4974 2246 Hinzufügung des Tones d. Hierdurch erhält der unvollständige
812 2187 4958 2369 Accord nicht nur die ihm fehlende Terz, sondern auch den Grund¬
798 2409 4961 2621 ton, welchem die übrigen Bestandtheile b, g und e als negative
805 2591 4978 2780 Terz, Quinte und Septime entsprechen. Auch in diesem Falle
802 2792 4985 2992 wird durch den zu supplirenden Ton d die ideelle Verwandtschaft
813 2987 4954 3215 der Accorde e g b und d f a (d. i. -a) begründet, wie aus der
823 3200 4981 3447 folgenden Combination zu ersehen, wo abermals der in Parenthese
817 3375 3352 3582 befindliche Bestandtheil der supplirte ist:
1134 3975 4961 4191 Was den oben erwähnten Vierklang d f a c, den sogenann¬
811 4185 4958 4420 ten D-moll-Septimenaccord betrifft, so ist er zwar in dieser Com¬
813 4344 4971 4624 bination, in welcher seine Bestandtheile in Terzengestalt gruppirt
795 4606 4957 4797 erscheinen, rein harmonisch, grenzt in solcher Gestalt das Inter¬
798 4768 4965 4979 vall der harmonischen Septime ab, ohne daß er jedoch ein positiver
814 4988 4961 5191 oder negativer Septimenaccord ist, indem nicht einer von den, das
798 5176 4950 5413 Intervall der Septime begrenzenden Töne zugleich auch Bestand¬
820 5369 4962 5625 theil einer positiven oder negativen Terz, und also auch nicht einer
783 5591 4945 5797 von denselben der Grundton des Accordes ist, wie wir das bis
812 5786 4974 6037 jetzt ebensowohl bei dem positiven, als bei dem negativen Accorde
825 5962 1864 6208 gefunden haben.
1134 6163 4966 6407 Es entsteht hiernach die Frage, ob der die Terzengestalt for¬
800 6373 4957 6580 mirende Vierklang d f a c dennoch vielleicht ein Grundaccord sei.
814 6570 4956 6793 Als solcher müßte er, nach den früher entwickelten Eigenschaften
808 6772 4950 7002 des Grundaccordes, eine Terz (sogenannte große Terz) und Quinte
821 6972 4922 7206 (sogenannte reine Quinte) haben, sei es nun nach der Richtung
812 7170 4944 7399 aufwärts oder abwärts; er müßte mithin entweder einen positiven
784 7348 4957 7582 oder einen negativen Quintenaccord in sich schließen. Die genann¬
795 7559 4916 7772 ten Intervalle finden sich in diesem Vierklang auch in der That,
798 7774 4934 8052 und nicht nur nach einer Richtung aufwärts von dem Bestandtheil
