<?xml version="1.0" encoding="UTF-8" standalone="yes"?>
<PcGts xmlns="http://schema.primaresearch.org/PAGE/gts/pagecontent/2013-07-15" xmlns:xsi="http://www.w3.org/2001/XMLSchema-instance" xsi:schemaLocation="http://schema.primaresearch.org/PAGE/gts/pagecontent/2013-07-15 http://schema.primaresearch.org/PAGE/gts/pagecontent/2013-07-15/pagecontent.xsd">
    <Metadata>
        <Creator>prov=University of Rostock/Institute of Mathematics/CITlab|PLANET AI GmbH/Gundram Leifert/gundram.leifert@planet-ai.de:name=ONB_Newseye_GT_M1+(htr_id=10810)::::v=2.6.7
prov=University of Rostock/Institute of Mathematics/CITlab|PLANET AI GmbH/Tobias Gruening/tobias.gruening@planet-ai.de:name=de.uros.citlab.module.baseline2polygon.B2PSeamMultiOriented:v=2.6.7
prov=University of Rostock/Institute of Mathematics/CITlab|PLANET AI GmbH/Tobias Gruening/tobias.gruening@planet-ai.de:name=/net_tf/LA73_249_0mod360.pb:de.uros.citlab.segmentation.CITlab_LA_ML:v=2.6.7
Transkribus</Creator>
        <Created>2021-09-22T14:25:24.458+02:00</Created>
        <LastChange>2021-10-13T22:06:53.234+02:00</LastChange>
        <TranskribusMetadata docId="786648" pageId="29711326" pageNr="73" tsid="66475290" status="DONE" userId="74363" imgUrl="https://files.transkribus.eu/Get?id=HLVNXTQXGIEMZMNMOJPNREDL&amp;fileType=view" xmlUrl="https://files.transkribus.eu/Get?id=WJTCHFXTDVCOXFGLXZXJGTUW" imageId="23310820"/>
    </Metadata>
    <Page imageFilename="Kraushaar1852-0073.jpg" imageWidth="5704" imageHeight="9412" type="content">
        <ReadingOrder>
            <OrderedGroup id="ro_1634213943864" caption="Regions reading order">
                <RegionRefIndexed index="0" regionRef="TextRegion_1633031002177_418"/>
                <RegionRefIndexed index="1" regionRef="TextRegion_1633031002177_417"/>
                <RegionRefIndexed index="3" regionRef="TextRegion_1633030996167_409"/>
                <RegionRefIndexed index="5" regionRef="TextRegion_1633030989168_401"/>
                <RegionRefIndexed index="6" regionRef="TextRegion_1633030986684_397"/>
                <RegionRefIndexed index="7" regionRef="TextRegion_1633030983173_393"/>
            </OrderedGroup>
        </ReadingOrder>
        <TextRegion orientation="0.0" type="page-number" id="TextRegion_1633031002177_418" custom="readingOrder {index:0;} structure {type:page-number;}">
            <Coords points="886,632 5148,632 5148,834 886,834"/>
            <TextLine id="r3l1" custom="readingOrder {index:0;}">
                <Coords points="2873,773 2915,767 2975,824 3001,818 3018,834 3070,796 3108,821 3166,810 3159,479 3069,481 3011,515 2963,505 2935,479 2866,480"/>
                <Baseline points="2896,714 2923,716 2950,718 2977,718 3004,718 3031,717 3058,716 3085,714 3112,712 3140,710"/>
                <TextEquiv>
                    <Unicode>68</Unicode>
                </TextEquiv>
            </TextLine>
            <TextEquiv>
                <Unicode>68</Unicode>
            </TextEquiv>
        </TextRegion>
        <TextRegion orientation="0.0" type="paragraph" id="TextRegion_1633031002177_417" custom="readingOrder {index:1;} structure {type:paragraph;}">
            <Coords points="886,834 5148,834 5148,2193 886,2193"/>
            <TextLine id="r3l2" custom="readingOrder {index:0;} m_interval {offset:0; length:4;} concept_mus {offset:12; length:18;}">
                <Coords points="863,1096 4959,1147 5172,1105 5173,839 3996,967 864,915"/>
                <Baseline points="888,1070 1101,1068 1314,1066 1527,1066 1740,1066 1953,1066 2166,1066 2379,1068 2592,1070 2805,1072 3018,1074 3231,1076 3444,1078 3657,1078 3870,1080 4083,1082 4296,1082 4509,1082 4722,1081 4935,1080 5148,1078"/>
                <TextEquiv>
                    <Unicode>vall in der diatonischen Reihe) reducirt werden. In Folge dessen</Unicode>
                </TextEquiv>
            </TextLine>
            <TextLine id="r3l3" custom="readingOrder {index:1;} concept_mus {offset:26; length:8;}">
                <Coords points="857,1273 1139,1369 1491,1289 2082,1369 2407,1279 2993,1348 3131,1295 3132,1125 857,1156"/>
                <Baseline points="886,1272 996,1273 1107,1274 1218,1276 1329,1276 1440,1276 1551,1276 1662,1276 1773,1276 1884,1276 1995,1276 2105,1276 2216,1275 2327,1274 2438,1274 2549,1274 2660,1274 2771,1274 2882,1276 2993,1276 3104,1278"/>
                <TextEquiv>
                    <Unicode>entsteht die aufsteigende Tonreihe:</Unicode>
                </TextEquiv>
            </TextLine>
            <TextLine id="r3l4" custom="readingOrder {index:2;} m_tonality {offset:0; length:16;}">
                <Coords points="2371,1538 2579,1540 2648,1492 2755,1557 2931,1494 3271,1565 3501,1497 3623,1535 3624,1328 3369,1268 3209,1352 3102,1309 2740,1386 2639,1327 2372,1336"/>
                <Baseline points="2396,1466 2455,1468 2515,1470 2575,1472 2635,1473 2695,1474 2755,1476 2815,1476 2875,1476 2935,1478 2995,1478 3054,1478 3114,1478 3174,1478 3234,1478 3294,1478 3354,1476 3414,1476 3474,1476 3534,1476 3594,1476"/>
                <TextEquiv>
                    <Unicode>f g as b c d e f,</Unicode>
                </TextEquiv>
            </TextLine>
            <TextLine id="r3l5" custom="readingOrder {index:3;} concept_mus {offset:15; length:9;} m_tonality {offset:25; length:5;}">
                <Coords points="874,1718 4762,1783 5161,1731 5162,1571 874,1563"/>
                <Baseline points="898,1682 1109,1682 1321,1682 1533,1682 1744,1682 1956,1682 2168,1682 2379,1682 2591,1684 2803,1684 3015,1684 3226,1686 3438,1686 3650,1688 3861,1688 4073,1690 4285,1690 4496,1692 4708,1692 4920,1692 5132,1694"/>
                <TextEquiv>
                    <Unicode>welche von der negativen Scala in zwei Bestandtheilen abweicht</Unicode>
                </TextEquiv>
            </TextLine>
            <TextLine id="r3l6" custom="readingOrder {index:4;} m_tonality {offset:38; length:12;}">
                <Coords points="867,1952 4872,2008 5107,1961 5108,1774 868,1766"/>
                <Baseline points="894,1886 1103,1888 1312,1888 1521,1888 1730,1888 1940,1888 2149,1890 2358,1890 2567,1890 2776,1892 2986,1892 3195,1892 3404,1894 3613,1894 3822,1894 4032,1896 4241,1896 4450,1898 4659,1898 4868,1900 5078,1900"/>
                <TextEquiv>
                    <Unicode>und unter dem Namen der aufsteigenden F-moll-Scala bekannt ist,</Unicode>
                </TextEquiv>
            </TextLine>
            <TextLine id="r3l7" custom="readingOrder {index:5;}">
                <Coords points="880,2170 1093,2127 1785,2220 1961,2140 2648,2147 2648,2008 2430,1928 2334,1986 2153,1933 1418,1979 1232,1936 1136,2000 880,1957"/>
                <Baseline points="906,2092 991,2094 1077,2094 1163,2094 1248,2096 1334,2096 1420,2096 1505,2096 1591,2096 1677,2096 1763,2096 1848,2096 1934,2096 2020,2096 2105,2096 2191,2096 2277,2096 2362,2096 2448,2098 2534,2098 2620,2100"/>
                <TextEquiv>
                    <Unicode>wie das Beispiel 29 zeigt:</Unicode>
                </TextEquiv>
            </TextLine>
            <TextEquiv>
                <Unicode>vall in der diatonischen Reihe) reducirt werden. In Folge dessen&#13;
entsteht die aufsteigende Tonreihe:&#13;
f g as b c d e f,&#13;
welche von der negativen Scala in zwei Bestandtheilen abweicht&#13;
und unter dem Namen der aufsteigenden F-moll-Scala bekannt ist,&#13;
wie das Beispiel 29 zeigt:</Unicode>
            </TextEquiv>
        </TextRegion>
        <MusicRegion id="Music_1633031045343_427" custom="readingOrder {index:2;} structure {type:floating;}">
            <Coords points="886,2193 5148,2193 5148,2775 886,2775"/>
        </MusicRegion>
        <TextRegion orientation="0.0" type="paragraph" id="TextRegion_1633030996167_409" custom="readingOrder {index:3;} structure {type:paragraph;}">
            <Coords points="886,2775 5148,2775 5148,4037 886,4037"/>
            <TextLine id="r3l16" custom="readingOrder {index:0;} concept_mus {offset:6; length:8;} concept_mus {offset:29; length:14;} concept_mus {offset:48; length:7; continued:true;}">
                <Coords points="1216,2968 5136,2995 5136,2840 4907,2766 1216,2755"/>
                <Baseline points="1242,2924 1435,2922 1628,2922 1822,2922 2015,2922 2209,2922 2402,2924 2595,2924 2789,2924 2982,2926 3176,2926 3369,2927 3562,2928 3756,2928 3949,2928 4143,2928 4336,2928 4529,2926 4723,2926 4916,2924 5110,2922"/>
                <TextEquiv>
                    <Unicode>Diese Tonfolge kann zwar als Repräsentation der Accord¬</Unicode>
                </TextEquiv>
            </TextLine>
            <TextLine id="r3l17" custom="readingOrder {index:1;} concept_mus {offset:0; length:10; continued:true;}">
                <Coords points="870,3178 918,3200 1233,3153 1371,3250 1478,3170 1531,3197 1621,3187 1622,2979 1468,3032 1398,2989 1361,3010 1223,2956 1004,2998 871,2976"/>
                <Baseline points="896,3122 931,3125 966,3128 1001,3130 1036,3130 1071,3130 1106,3130 1141,3130 1176,3130 1211,3130 1246,3128 1281,3128 1316,3126 1351,3126 1386,3126 1421,3126 1456,3127 1491,3129 1526,3131 1561,3134 1596,3138"/>
                <TextEquiv>
                    <Unicode>verbindung</Unicode>
                </TextEquiv>
            </TextLine>
            <TextLine id="r3l18" custom="readingOrder {index:2;} m_chord {offset:0; length:2;} m_chord {offset:3; length:2;} m_chord {offset:6; length:2;} m_chord {offset:9; length:2;} m_chord {offset:12; length:3;} textStyle {offset:14; length:1;fontSize:0.0; kerning:0; superscript:true;} m_chord {offset:16; length:3;} textStyle {offset:18; length:1;fontSize:0.0; kerning:0; superscript:true;} m_chord {offset:20; length:2;}">
                <Coords points="1482,3357 4550,3356 4550,3201 4300,3265 4129,3153 3128,3248 1482,3192"/>
                <Baseline points="1510,3316 1660,3316 1811,3314 1962,3314 2112,3312 2263,3312 2414,3312 2564,3312 2715,3312 2866,3312 3017,3312 3167,3312 3318,3312 3469,3312 3619,3314 3770,3314 3921,3316 4071,3316 4222,3318 4373,3318 4524,3320"/>
                <TextEquiv>
                    <Unicode>-c +c -c -f -g7 -c7 -c</Unicode>
                </TextEquiv>
            </TextLine>
            <TextLine id="r3l19" custom="readingOrder {index:3;}">
                <Coords points="874,3586 5156,3592 5071,3373 874,3373"/>
                <Baseline points="900,3538 1111,3538 1323,3536 1534,3536 1746,3536 1958,3536 2169,3536 2381,3534 2592,3534 2804,3534 3016,3534 3227,3536 3439,3536 3650,3536 3862,3536 4074,3538 4285,3538 4497,3540 4708,3542 4920,3544 5132,3546"/>
                <TextEquiv>
                    <Unicode>betrachtet werden, sie geht jedoch aus der im Beispiel 30 gegebe¬</Unicode>
                </TextEquiv>
            </TextLine>
            <TextLine id="r3l20" custom="readingOrder {index:4;}">
                <Coords points="861,3747 5154,3788 5155,3612 4792,3595 862,3630"/>
                <Baseline points="888,3748 1100,3746 1312,3744 1524,3742 1736,3742 1948,3742 2160,3742 2372,3742 2584,3742 2796,3742 3008,3744 3220,3744 3432,3746 3644,3746 3856,3748 4068,3750 4280,3752 4492,3754 4704,3756 4916,3756 5128,3758"/>
                <TextEquiv>
                    <Unicode>nen vollständigen Darstellung nicht unmittelbar, d. h. nicht als</Unicode>
                </TextEquiv>
            </TextLine>
            <TextLine id="r3l21" custom="readingOrder {index:5;} concept_mus {offset:14; length:7;} concept_mus {offset:26; length:9;}">
                <Coords points="874,4069 3712,4069 3840,3984 3782,3824 3260,3787 874,3835"/>
                <Baseline points="898,3952 1043,3952 1189,3950 1335,3950 1481,3950 1627,3948 1773,3948 1919,3948 2065,3949 2211,3950 2357,3950 2502,3950 2648,3950 2794,3950 2940,3950 3086,3950 3232,3950 3378,3950 3524,3950 3670,3950 3816,3950"/>
                <TextEquiv>
                    <Unicode>eine der vier Stimmen des Tonsatzes hervor:</Unicode>
                </TextEquiv>
            </TextLine>
            <TextEquiv>
                <Unicode>Diese Tonfolge kann zwar als Repräsentation der Accord¬&#13;
verbindung&#13;
-c +c -c -f -g7 -c7 -c&#13;
betrachtet werden, sie geht jedoch aus der im Beispiel 30 gegebe¬&#13;
nen vollständigen Darstellung nicht unmittelbar, d. h. nicht als&#13;
eine der vier Stimmen des Tonsatzes hervor:</Unicode>
            </TextEquiv>
        </TextRegion>
        <MusicRegion id="Music_1633031056565_435" custom="readingOrder {index:4;} structure {type:floating;}">
            <Coords points="886,4037 5148,4037 5148,5279 886,5279"/>
        </MusicRegion>
        <TextRegion orientation="0.0" type="paragraph" id="TextRegion_1633030989168_401" custom="readingOrder {index:5;} structure {type:paragraph;}">
            <Coords points="886,5279 5148,5279 5148,5754 886,5754"/>
            <TextLine id="r3l42" custom="readingOrder {index:0;} concept_mus {offset:13; length:8;}">
                <Coords points="1212,5506 5015,5559 5137,5526 5137,5303 1904,5196 1211,5298"/>
                <Baseline points="1240,5458 1433,5458 1627,5458 1820,5458 2014,5458 2208,5458 2401,5458 2595,5458 2788,5458 2982,5458 3176,5458 3369,5458 3563,5458 3756,5456 3950,5456 4144,5456 4337,5456 4531,5454 4724,5454 4918,5452 5112,5450"/>
                <TextEquiv>
                    <Unicode>Die erwähnte Tonfolge ist vielmehr, gleichwie die aufstei¬</Unicode>
                </TextEquiv>
            </TextLine>
            <TextLine id="r3l43" custom="readingOrder {index:1;} concept_mus {offset:6; length:8;} concept_mus {offset:20; length:12;} concept_mus {offset:33; length:4;}">
                <Coords points="873,5775 4809,5699 4808,5549 4526,5482 872,5583"/>
                <Baseline points="902,5690 1095,5684 1289,5679 1483,5674 1677,5672 1871,5668 2065,5668 2259,5666 2453,5666 2647,5664 2841,5664 3034,5664 3228,5666 3422,5666 3616,5666 3810,5666 4004,5666 4198,5664 4392,5664 4586,5662 4780,5660"/>
                <TextEquiv>
                    <Unicode>gende positive, als einstimmiger Satz zu betrachten und darin</Unicode>
                </TextEquiv>
            </TextLine>
            <TextEquiv>
                <Unicode>Die erwähnte Tonfolge ist vielmehr, gleichwie die aufstei¬
gende positive, als einstimmiger Satz zu betrachten und darin</Unicode>
            </TextEquiv>
        </TextRegion>
        <TextRegion orientation="0.0" id="TextRegion_1633030986684_397" custom="readingOrder {index:6;} structure {type:list;}">
            <Coords points="886,5754 5148,5754 5148,7443 886,7443"/>
            <TextLine id="r3l44" custom="readingOrder {index:0;} m_note {offset:4; length:3;} m_note {offset:8; length:1;} concept_mus {offset:14; length:12;} m_chord {offset:31; length:8;} m_chord {offset:40; length:2;}">
                <Coords points="1453,6018 2620,6062 2896,5959 3866,6047 4217,5885 4574,5967 4573,5781 1451,5762"/>
                <Baseline points="1480,5920 1633,5918 1786,5918 1939,5918 2093,5916 2246,5916 2399,5916 2553,5916 2706,5916 2859,5914 3013,5914 3166,5914 3319,5912 3472,5912 3626,5910 3779,5908 3932,5904 4086,5902 4239,5898 4392,5894 4546,5888"/>
                <TextEquiv>
                    <Unicode>der Ton f als Repräsentant des Accordes -c</Unicode>
                </TextEquiv>
            </TextLine>
            <TextLine id="line_1633031103663_489" custom="readingOrder {index:1;} m_note {offset:4; length:1;} m_chord {offset:14; length:2;}">
                <Coords points="1502,6232 4055,6275 4580,6128 4578,5979 4332,5962 3828,6065 1500,6056"/>
                <Baseline points="1530,6148 1572,6149 1615,6150 1657,6150 1700,6150 1742,6150 1785,6150 1827,6148 1870,6148 1912,6148 1955,6146 1997,6146 2040,6146 2082,6146 2125,6146 2167,6146 2210,6146 2252,6148 2295,6148 2337,6151 2380,6152 2872,6144 2897,6142 2923,6144 2948,6144 2974,6141 3000,6132 3380,6152 3405,6146 3431,6144 3457,6142 3483,6143 3508,6145 3534,6145 3560,6142 3586,6139 3612,6136 3820,6144 3856,6143 3893,6140 3929,6137 3966,6134 4003,6129 4039,6124 4076,6120 4112,6115 4149,6110 4186,6105 4222,6101 4259,6096 4295,6094 4332,6092 4369,6092 4405,6093 4442,6096 4478,6102 4515,6109 4552,6118"/>
                <TextEquiv>
                    <Unicode>„ „ g „ „ „ „ +c</Unicode>
                </TextEquiv>
            </TextLine>
            <TextLine id="line_1633031111237_503" custom="readingOrder {index:2;} m_note {offset:4; length:2;} m_chord {offset:15; length:2;}">
                <Coords points="1530,6470 1919,6481 2094,6371 2394,6500 3335,6390 3932,6440 4239,6296 4570,6345 4467,6197 1527,6247"/>
                <Baseline points="1554,6354 1595,6354 1636,6354 1677,6353 1718,6352 1759,6350 1800,6347 1841,6346 1882,6343 1923,6340 1965,6339 2006,6338 2047,6336 2088,6336 2129,6336 2170,6336 2211,6338 2252,6338 2293,6342 2334,6347 2376,6352 2876,6346 2906,6347 2936,6346 2966,6348 2996,6354 3386,6344 3412,6346 3438,6348 3465,6348 3491,6350 3518,6352 3818,6342 3849,6340 3880,6338 3911,6339 3942,6338 4242,6284 4267,6286 4292,6286 4317,6288 4342,6288 4367,6290 4392,6292 4417,6292 4442,6294 4467,6296 4492,6296 4517,6298 4542,6298"/>
                <TextEquiv>
                    <Unicode>„ „ as „ „ „ „ -c</Unicode>
                </TextEquiv>
            </TextLine>
            <TextLine id="line_1633031118674_516" custom="readingOrder {index:3;} m_note {offset:4; length:1;} m_chord {offset:14; length:2;}">
                <Coords points="1520,6629 4456,6646 4452,6423 4366,6414 2391,6490 2107,6383 1517,6475"/>
                <Baseline points="1544,6556 1586,6559 1628,6560 1670,6562 1712,6560 1754,6560 1796,6557 1838,6554 1880,6553 1922,6550 1965,6547 2007,6544 2049,6542 2091,6541 2133,6540 2175,6541 2217,6544 2259,6546 2301,6551 2343,6559 2386,6566 2850,6558 2875,6552 2901,6550 2926,6548 2952,6548 2978,6546 3404,6538 3430,6535 3457,6541 3484,6534 3814,6536 3840,6538 3866,6540 3892,6542 3918,6544 3944,6546 4244,6482 4270,6480 4296,6480 4322,6482 4349,6484 4375,6486 4401,6484 4428,6482"/>
                <TextEquiv>
                    <Unicode>„ „ b „ „ „ „ -f</Unicode>
                </TextEquiv>
            </TextLine>
            <TextLine id="line_1633031127531_536" custom="readingOrder {index:4;} m_note {offset:4; length:1;} m_chord {offset:14; length:2;}">
                <Coords points="1523,6875 2123,6781 2451,6896 3601,6869 4578,6724 4573,6532 3980,6669 1518,6640"/>
                <Baseline points="1548,6762 1589,6764 1631,6764 1673,6764 1715,6764 1757,6762 1799,6760 1841,6758 1883,6757 1925,6754 1967,6753 2008,6752 2050,6750 2092,6750 2134,6750 2176,6750 2218,6752 2260,6754 2302,6758 2344,6762 2386,6768 2874,6754 2899,6750 2924,6750 2950,6750 3382,6744 3408,6742 3434,6744 3460,6746 3486,6748 3512,6746 3818,6728 3843,6728 3869,6730 3894,6730 3920,6730 3946,6732 4270,6680 4295,6682 4320,6684 4346,6686 4371,6688 4397,6691 4422,6694 4448,6697 4473,6698 4499,6700 4524,6702 4550,6704"/>
                <TextEquiv>
                    <Unicode>„ „ c „ „ „ „ -c</Unicode>
                </TextEquiv>
            </TextLine>
            <TextLine id="line_1633031134340_554" custom="readingOrder {index:5;} m_note {offset:4; length:1;} m_chord {offset:14; length:3;} textStyle {offset:16; length:1;fontSize:0.0; kerning:0; superscript:true;}">
                <Coords points="1518,7031 4134,7042 4425,6973 4421,6717 3970,6848 2431,6876 2126,6780 1515,6876"/>
                <Baseline points="1542,6962 1583,6964 1625,6964 1666,6965 1708,6964 1749,6964 1791,6961 1832,6959 1874,6956 1915,6954 1957,6951 1998,6949 2040,6946 2081,6945 2123,6944 2164,6944 2206,6946 2247,6948 2289,6951 2330,6955 2372,6962 3420,6948 3448,6945 3476,6944 3806,6942 3834,6944 3862,6946 3890,6943 3918,6937 3946,6930 3974,6923 4002,6915 4030,6908 4274,6888 4299,6889 4324,6890 4349,6892 4374,6893 4400,6894 4324,6944 4358,6941 4392,6940"/>
                <TextEquiv>
                    <Unicode>„ „ d „ „ „ „ +g7</Unicode>
                </TextEquiv>
            </TextLine>
            <TextLine id="line_1633031141595_572" custom="readingOrder {index:6;} m_note {offset:4; length:1;} m_chord {offset:14; length:3;} textStyle {offset:16; length:1;fontSize:0.0; kerning:0; superscript:true;}">
                <Coords points="1513,7259 3682,7286 4073,7115 4554,7209 4604,6948 3423,7077 1510,7036"/>
                <Baseline points="1536,7154 1579,7156 1622,7158 1665,7158 1708,7158 1752,7158 1795,7157 1838,7156 1881,7155 1924,7152 1968,7151 2011,7150 2054,7148 2097,7148 2140,7148 2184,7148 2227,7148 2270,7151 2313,7153 2356,7157 2400,7160 2858,7156 2888,7154 2918,7156 2948,7157 2978,7156 3390,7154 3419,7152 3448,7150 3477,7152 3506,7158 3822,7148 3850,7149 3879,7152 3908,7152 3937,7150 3966,7152 4212,7092 4238,7092 4264,7093 4290,7094 4317,7096 4343,7100 4369,7102 4396,7104 4422,7107 4448,7110 4474,7112 4501,7112 4527,7112 4553,7110 4580,7106"/>
                <TextEquiv>
                    <Unicode>„ „ e „ „ „ „ +c7</Unicode>
                </TextEquiv>
            </TextLine>
            <TextLine id="line_1633031144745_580" custom="readingOrder {index:7;} m_note {offset:4; length:1;} m_chord {offset:14; length:2;}">
                <Coords points="1533,7444 4026,7464 4253,7333 4602,7466 4560,7174 4098,7282 1530,7258"/>
                <Baseline points="1558,7372 1598,7372 1639,7372 1679,7372 1720,7372 1761,7371 1801,7370 1842,7368 1882,7367 1923,7366 1964,7364 2004,7363 2045,7362 2085,7362 2126,7360 2167,7360 2207,7360 2248,7362 2288,7362 2329,7364 2370,7366 2842,7360 2867,7362 2893,7364 2919,7362 2944,7362 2970,7364 2996,7366 3372,7360 3397,7358 3422,7358 3447,7356 3472,7356 3497,7354 3522,7352 3547,7348 3572,7346 3598,7342 3806,7356 3834,7356 3863,7354 3892,7355 3921,7357 3950,7364 4314,7308 4339,7306 4365,7306 4391,7308 4417,7310 4443,7312 4468,7315 4494,7319 4520,7322 4546,7324 4572,7324"/>
                <TextEquiv>
                    <Unicode>„ „ f „ „ „ „ -c.</Unicode>
                </TextEquiv>
            </TextLine>
            <TextEquiv>
                <Unicode>der Ton f als Repräsentant des Accordes -c&#13;
„ „ g „ „ „ „ +c&#13;
„ „ as „ „ „ „ -c&#13;
„ „ b „ „ „ „ -f&#13;
„ „ c „ „ „ „ -c&#13;
„ „ d „ „ „ „ +g7&#13;
„ „ e „ „ „ „ +c7&#13;
„ „ f „ „ „ „ -c.</Unicode>
            </TextEquiv>
        </TextRegion>
        <TextRegion orientation="0.0" id="TextRegion_1633030983173_393" custom="readingOrder {index:7;} structure {type:paragraph-continued;}">
            <Coords points="886,7443 5148,7443 5148,8077 886,8077"/>
            <TextLine id="r3l79" custom="readingOrder {index:0;} concept_mus {offset:31; length:16;}">
                <Coords points="1202,7673 5139,7660 5137,7463 4961,7427 1201,7487"/>
                <Baseline points="1230,7614 1424,7615 1618,7616 1812,7616 2006,7614 2200,7614 2394,7612 2588,7610 2782,7608 2976,7606 3170,7604 3364,7602 3558,7600 3752,7598 3946,7598 4140,7596 4334,7596 4528,7596 4722,7598 4916,7600 5110,7602"/>
                <TextEquiv>
                    <Unicode>Bei näherer Betrachtung dieser Accordverbindung ergiebt sich</Unicode>
                </TextEquiv>
            </TextLine>
            <TextLine id="r3l80" custom="readingOrder {index:1;} concept_mus {offset:37; length:9;}">
                <Coords points="888,7850 4824,7880 5117,7857 5116,7649 887,7701"/>
                <Baseline points="912,7826 1121,7826 1330,7826 1539,7826 1748,7824 1957,7822 2166,7820 2375,7820 2584,7816 2793,7814 3002,7812 3211,7810 3420,7808 3629,7806 3838,7804 4047,7804 4256,7802 4465,7802 4674,7802 4883,7804 5092,7804"/>
                <TextEquiv>
                    <Unicode>dieselbe als Analogon einer früheren positiven, indem sie nämlich</Unicode>
                </TextEquiv>
            </TextLine>
            <TextLine id="r3l81" custom="readingOrder {index:2;} concept_mus {offset:16; length:9;} m_chord {offset:26; length:7;}">
                <Coords points="877,8169 5143,8100 5141,7849 875,7887"/>
                <Baseline points="902,8038 1112,8038 1323,8036 1533,8036 1744,8034 1955,8034 2165,8032 2376,8030 2586,8028 2797,8026 3008,8024 3218,8022 3429,8020 3639,8018 3850,8016 4061,8014 4271,8014 4482,8012 4692,8012 4903,8012 5114,8010"/>
                <TextEquiv>
                    <Unicode>einen Gegensatz negativer Accorde darstellt, der jedoch durch drei</Unicode>
                </TextEquiv>
            </TextLine>
            <TextEquiv>
                <Unicode>Bei näherer Betrachtung dieser Accordverbindung ergiebt sich
dieselbe als Analogon einer früheren positiven, indem sie nämlich
einen Gegensatz negativer Accorde darstellt, der jedoch durch drei</Unicode>
            </TextEquiv>
        </TextRegion>
    </Page>
</PcGts>
