5704 9154
2781 455 3052 833 12
823 812 5022 1119 für uns nicht wirklich, nicht verständlich ist, daß, wie der Geist
832 1086 4987 1344 erst durch die körperliche Umhüllung, so auch die Melodie erst durch
806 1266 4983 1520 die harmonische Begleitung vollkommen — d. i. nach ihrer beson¬
819 1515 4981 1743 deren Beziehung zu anderen Tönen — erkannt zu werden vermag.
820 1701 4982 1948 Der Ursprung alles Musikalischen liegt im Ton, dem Grundele¬
813 1883 5010 2081 mente der Musik, aus ihm ist jede Gestalt des Tongebildes, somit
858 2100 4982 2333 Harmonie und Melodie geschichtlich hervorgegangen, daher muß
848 2280 4974 2516 sich auch aus den Eigenschaften dieses Grundelementes alles Har¬
824 2482 4980 2713 monische, Melodische und Rhythmische (ohne welches letztere das
806 2716 4968 2936 erste und zweite nicht vereint gedacht werden kann) wissenschaftlich
824 2919 4976 3141 entwickeln lassen. Im Verlaufe der folgenden Betrachtungen werde
830 3096 4986 3303 ich die Entwickelung des accordlichen Gegensatzes versuchen und zu
811 3283 4989 3490 erweisen bemüht sein, daß darauf die Faßlichkeit der einfachsten
820 3487 3142 3735 Melodie, nämlich der Scala beruht.
1117 3671 4978 3927 Abgesehen von dem harmonischen und melodischen Stoff und
824 3915 5001 4156 nur die Form in Betracht gezogen, so fällt das Accordliche mit
812 4116 4953 4347 dem Harmonischen, dagegen das Nicht-Accordliche mit dem Me¬
815 4308 4961 4555 lodischen zusammen. Es ist aber bei weitem nicht jedes Nicht-Ac¬
808 4541 4954 4766 cordliche (z. B. Arpeggien oder gebrochene Accorde) auch ein Me¬
822 4703 4990 4961 lodisches und nicht jedes Accordliche (z. B. Vorhaltsaccorde) ein
831 4910 4978 5154 Harmonisches, dem inneren Wesen nach. Wenn noch nicht aus
814 5106 4992 5353 den hier folgenden Beispielen, so wird doch aus später zu gebenden
816 5313 4961 5532 Bestimmungen der Tonverhältnisse und insbesondere aus der Fest¬
831 5517 4936 5748 stellung der Grenze der Accordbildung vollkommen klar werden,
808 5722 4955 5951 daß Arpeggien eigentlich harmonischer Stoff in melodischer Form,
813 5908 4948 6137 Vorhaltsaccorde hingegen gemischter, nämlich theils harmonischer,
812 6094 4989 6328 theils melodischer Stoff in harmonischer Form sind. So sehen wir
798 6303 2219 6535 im folgenden Beispiel
800 7145 4946 7457 in der ersten Hälfte des ersten und zweiten Tactes die Bestand¬
795 7400 4966 7663 theile des Accordes c e g, in der zweiten Hälfte des ersten Tactes
802 7617 4985 7914 die des Accordes g h d f und in der zweiten Hälfte des zweiten
