5704 9200
2584 544 2873 873 63
609 877 4825 1199 der positiven Scala angehört, das Zeichen -, um den Accord
622 1131 4827 1366 als einen negativen darzustellen und das Zeichen ( ), um das
665 1354 4292 1557 Eine und Andere deutlich gesondert hervortreten zu lassen.
951 1551 4808 1808 Wir erhalten nun in Uebereinstimmung mit früheren Ergeb¬
636 1771 4836 2002 nissen die betreffenden Accorde der negativen und umgekehrten
620 1961 4815 2184 negativen Scala einfach dadurch, daß wir in der allgemeinen
660 2146 4787 2411 Formel die Vorzeichen + und - in die entgegengesetzten verwan¬
639 2369 4802 2521 deln, und dann den ganzen Ausdruck auf den einmal angenomme¬
629 2542 4819 2788 nen Grundton beziehen. So entsteht aus der ersten der beiden
616 2739 4800 3013 vorstehenden allgemeinen Formeln der folgende allgemeine Aus¬
633 2953 4417 3180 druck für die Verbindung der Accorde der negativen Scala:
1513 3158 4422 3388 — I — V — I — IV — I — IV6 — V7 — I,
624 3370 4793 3610 und daraus, in Beziehung auf den Grundton c, die Accordver¬
620 3554 1269 3834 bindung:
1359 3731 4196 3993 — c — f — c — g — c — f6 — g7 — c,
608 3812 4803 4197 und ferner entsteht aus der zweiten der vorstehenden allgemeinen
660 4171 4813 4384 Formeln der folgende allgemeine Ausdruck für die Verbindung von
615 4359 3437 4613 Accorden der umgekehrten negativen Scala:
665 4523 4782 4793 — I — V + (-III) + (-VII) — IV — I — V7 — I,
596 4795 4801 5013 und daraus, in Beziehung auf den Grundton c, die Accordver¬
618 4944 1242 5172 bindung:
1399 5063 4310 5369 — c — f + as + des — g — c — f7 — c,
917 5302 4774 5551 Wollten wir bei der ersten der beiden vorstehenden Accord¬
608 5537 4767 5789 verbindungen mit Rücksicht auf die vorhergehende Verbindungs¬
604 5788 4773 5992 weise der Accorde der positiven Scala consequent verfahren, so
608 5959 4808 6166 würden wir mit dem Grundton des negativen Accordes (d. i. mit
609 6158 4751 6382 der Quinte des Baßtones desselben) in der Ober- und Unterstimme,
642 6343 4785 6566 folglich die Harmonie mit dem Quartsextenaccorde beginnen müs¬
616 6540 4791 6779 sen, was bekanntlich unzulässig ist. Es muß deshalb die Darstel¬
603 6752 4783 6977 lungsweise des Anfangs- und Schlußaccordes der Verbindung der
598 6962 4797 7172 Accorde der negativen Scala dergestalt verändert werden, daß die
594 7119 4794 7327 äußeren Stimmen beide den Bestandtheil erhalten, welcher dem
589 7383 4784 7581 negativen Accord als Baßton eigen ist, nämlich den Intervallton
599 7544 4747 7763 der Quinte (d. i. in Beziehung auf den Accord -c der Ton f),
590 7721 4764 7970 wie aus dem Beispiel 23 bei a zu ersehen ist. Bei b hat die Ober¬
