5704 9158
2676 451 2962 834 33
762 853 4948 1097 erscheint, die bekanntlich der vom Grundton c aus abwärts gebil¬
781 1081 4957 1326 deten Reihe angehören. Ebenso, wie bei den consonirenden Ac¬
768 1327 4971 1519 corden +c und -c, tritt auch bei den dissonirenden +c7 und
1008 1490 4945 1771 -c7, durch das Nebeneinanderstellen derselben, der Gegensatz
791 1661 3134 1994 ihrer Bestandtheile deutlicher hervor:
781 2685 4958 3030 Hier entspricht das Intervall der positiven Terz c} e} dem der nega¬
790 3025 4951 3331 tiven c} as, das der positiven Quinte c} g} dem der negativen c} f und
774 3229 4976 3558 das der positiven Septime c} b} dem der negativen c} d. Die Reihe
768 3452 1417 3661 der Töne
2546 3645 3143 3941 c} e} g} b}
768 3867 4955 4132 oder, im Hinblick auf ihre Entstehung in der Folge der Aliquot¬
766 4079 3379 4332 töne und abgesehen von ihrer Höhenlage
2564 4313 3177 4584 c} g} e} b},
786 4487 4070 4768 entspricht nach dem Vorhergehenden der Zahlenreihe
2389 4740 3351 4975 $$MATH,
775 4948 4956 5156 welche, dem oben gefundenen Gesetze nach, schon mit dem dritten
806 5127 4920 5357 Gliede zu Ende geht, indem bei dem vierten zwar der Nenner,
778 5343 4939 5607 aber nicht auch der Zähler gesetzlich fortschreitet. Das vierte Glied
807 5540 4953 5789 $$MATH, welches dem obigen Gesetze zufolge $$MATH sein müßte, kann dem¬
789 5739 4934 5979 nach nur als das erste Glied einer neuen, und zwar gleichfalls
798 5940 4948 6159 aufsteigenden harmonischen Reihe betrachtet werden, und der dem¬
800 6132 4930 6405 selben entsprechende Ton b} als Grundton eines gleichartigen
793 6353 4932 6529 Accordes, nämlich des Quintenaccordes +b, dem die Bestand¬
797 6546 4958 6759 theile b d f, zunächst in der, die Terzengestalt fortsetzenden
806 6776 4692 7056 Höhenlage über b}, also in der Höhenlage b} d}} f}} zugehören.
1102 7036 4951 7298 Nur da, wo es mir zur Vermeidung von Mißverständnissen
785 7274 4935 7471 nöthig schien, habe ich bisher die Töne mit Rücksicht auf ihre Oc¬
789 7486 4924 7719 tavenlage bezeichnet. Für die Folge werde ich mich dieser Bezeich¬
767 7667 4917 7902 nung enthalten (wie ich es schon bei der Bezeichnung der Grund¬
