5704 9216
2740 508 3056 798 26
1167 777 5026 1121 Stellen wir nun die aus den vorhergehenden Zahlenverhält¬
823 1080 5026 1286 nissen entsprungenen und dem Grundton möglichst genäherten
823 1322 5020 1534 Töne, ihrer Höhenlage gemäß, zusammen, so erhalten wir die
813 1503 5028 1746 Bestandtheile des Dur-Dreiklangs, nämlich die Prime, Terz und
826 1673 4611 1970 Quinte der Dur-Scala, vom Grundton ein Terzengestalt:
1146 2110 5022 2373 Von diesem Standpuncte der Forschung aus läßt sich nun
834 2335 5043 2550 entscheiden, welcher Dreiklang der absteigenden Tonreihe dem der
822 2529 5049 2741 aufsteigenden entgegensteht. Es kann nur derjenige sein, welcher
822 2734 5013 2910 aus den umgekehrten Zahlenverhältnissen (vorausgesetzt, daß die¬
871 2920 5037 3156 selben wie bei dem Dur-Dreiklang auf die Länge der schwingenden
853 3133 5001 3349 Saiten bezogen werden) hervorgeht; also nach den oben aufge¬
874 3331 5028 3555 stellten Tabellen nur der Accord, dessen Bestandtheile, wenn sie
841 3544 5026 3744 durch Versetzung in die entsprechenden höheren Octaven dem
847 3738 4996 3988 Grundton möglichst genähert erscheinen, von diesem ausgehend,
851 3927 5006 4137 nach der Tiefe hin, gleich große Intervalle, nämlich die Prime,
821 4115 5012 4369 Terz und Quinte der absteigenden Tonreihe begrenzen, und endlich
844 4364 5023 4582 nach den früher angeführten Eigenschaften des Grundtons nur der
825 4511 5003 4723 Accord, welcher den Grundton c mit dem vorstehenden Dur-Drei¬
834 4736 5025 5005 klang gemein hat, folglich auch mit dem Dreiklang der aufsteigen¬
814 4937 2371 5245 den Reihe verwandt ist.
1145 5110 5028 5449 Aus dem in Beziehung auf die Länge der schwingenden Sai¬
840 5319 3002 5644 ten aufgestellten Zahlenverhältniß
814 5692 3364 6019 entsteht durch Umkehrung des Bruches:
824 6068 5010 6359 Setzen wir auch hier 1 = c}, d. i. gleich dem angenommenen Grund¬
824 6342 5022 6529 ton, so entspricht diesem Zahlenverhältniß das nach der Einthei¬
848 6541 4961 6737 lung der Octaven folgendergestalt zu bezeichnende Tonverhältniß:
815 6939 5055 7178 Der Ton F der großen Octave, welcher sonach aus der dreifachen
832 7125 5017 7367 Länge von 1 hervorgeht, die den Grundton c giebt, kann durch
865 7333 5038 7624 Halbirung von 3 oder in der Bruchform $$MATH, also durch $$MATH
1056 7548 5060 8028 $$MATH in die höhere Octave verpflanzt werden. In
