5704 9370
2865 599 3196 804 9
1171 885 5107 1183 Indem wir bei der Bestimmung der beiden ersten, im Bei¬
831 1141 5086 1386 spiel 1 aufgestellten Durdreiklänge von der Prime c und e aus¬
841 1361 5096 1604 gehen, finden wir die ungleich großen Terzen c e und e g, bei dem
851 1549 5106 1828 zweiten und dritten Dreiklang zeigen sich die an Größe verschiede¬
842 1764 5093 1972 nen Sexten e c und g e. Bei den im Beispiel 2 aufgestellten
822 1929 5099 2185 Vierklängen gestalten sich im ersten und zweiten Terzen und Sex¬
825 2175 5113 2404 ten wie vorher, und außerdem enthalten diese Accorde die ungleich
850 2373 5127 2616 großen Quinten c g und e b. Die mit den Bestandtheilen der
814 2579 5075 2828 Molltonleiter zu bildenden Accorde und deren Versetzungen zeigen,
817 2821 5111 3023 in Betreff der veränderlichen Größe der genannten Intervalle, mit
812 2989 5111 3179 Ausnahme der Quinte, die in diesem Fall unverändert bleibt, das
822 3212 5078 3485 Umgekehrte. Einer näheren Erläuterung dieses Beispiels bedarf
827 3412 3879 3641 es nach dem Vorhergehenden wohl nicht mehr.
1147 3601 5126 3821 Bei der auffallenden Verschiedenheit der Größe und Folge der
814 3808 5123 4048 Intervalle in den hier aufgestellten Accorden treten diese in der
811 4010 5115 4223 Terzengestalt (d. i. der dreistufige und scheinbar gleich große Ab¬
858 4219 5119 4454 stand auf dem Notensystem) unserem Auge als der am meisten
879 4452 5114 4671 symmetrischen und eben deshalb am leichtesten überschaulichen und
817 4653 5131 4855 unserem Ohr als in der von allen Verbindungsweisen harmonischer
837 4846 5082 5075 Intervalle am leichtesten faßlichen entgegen. Symmetrische Stel¬
822 5064 5120 5293 lung der accordlichen Töne zeigt sich somit als, wenn auch nicht
828 5271 5089 5463 ausschließliche, doch vor Allem begünstigende äußere formelle Be¬
829 5467 5100 5686 dingung ihrer Faßlichkeit, als Mittel, um dem Verständniß inne¬
811 5676 5077 5868 rer Beziehungen harmonischer Töne zu einander näher zu kommen.
1144 5860 5107 6067 Daß harmonische Bestandtheile auch in unsymmetrischer Stel¬
821 6073 5082 6275 lung, so beispielsweise theils in Terzen- theils in Secundenge¬
828 6262 5084 6498 stalt faßlich sind, zeigen die Combinationen der Vierklänge im
809 6445 1940 6717 zweiten Beispiel.
1137 6604 5084 6902 Wenn gleich daraus ferner ersichtlich ist, daß die Secunden¬
830 6879 5075 7153 gestalt (d. i. der zweistufige und scheinbar gleich große Abstand
804 7075 5092 7307 auf dem Notensystem) zunächst nicht accordliche, sondern melodische
813 7284 5090 7488 Bestandtheile vereinigt und daß mithin die sie bildenden Töne als
800 7483 5088 7744 vornehmlich der Melodie eigen anzusehen sind, so wird sie dennoch
819 7689 5091 7923 nicht allezeit von melodischen Tönen gebildet oder begrenzt, sondern
801 7919 5105 8202 auch häufig von harmonischen, und zeigt sich in Folge dessen der
