5704 9191
2736 572 2971 925 40
742 833 4847 1189 f, sondern auch abwärts von a aus. Denn zum Bestandtheil f —
748 1144 4966 1397 wenn dieser als Grundton gedacht wird — findet sich die positive
739 1374 4974 1616 Terz a und die positive Quinte c, wie auch zum Bestandtheil a
762 1613 4975 1807 — bei dessen Annahme zum Grundton — die negative Terz f und
751 1759 4970 1987 die negative Quinte d, wie aus der folgenden Combination deut¬
743 1977 1979 2248 lich zu ersehen ist:
1103 2811 4981 3054 Hiernach stellt sich eine zweifache Ableitung des Vierklangs
775 3057 4994 3261 d f a c heraus: Die eine von dem positiven Quintenaccorde f a c
785 3243 4987 3444 (d. i. +f oder F-dur), die andere von dem negativen d f a (d. i.
957 3403 4960 3634 -a oder D-moll), wozu dann der noch übrige Bestandtheil, d. i.
782 3656 4990 3851 im ersten Falle d, im zweiten c, nach der bezüglichen Richtung hin
782 3813 5000 4071 (nämlich d aufwärts von f, c abwärts von a) als Sexte tritt, wie
766 3992 5000 4197 die beiden folgenden Combinationen der Bestandtheile des fragli¬
782 4236 2368 4459 chen Accordes andeuten:
1108 4757 4993 5016 Nach jeder dieser Ableitungen erhält man zu Bestandtheilen
779 4993 4977 5265 des Grundaccordes die Prime, Terz, Quinte und Sexte, also voll¬
814 5216 4950 5447 ständig ausgedrückt: einen Prim-Terz-Quint-Sextenaccord,
797 5402 4995 5646 oder abgekürzt — und mit Rücksicht darauf, daß wir die zuerst
784 5622 4977 5850 angeführten drei Bestandtheile dieses Vierklangs (nämlich den
813 5783 4980 6090 Zusammenklang der Prime, Terz und Quinte) Quintenaccord
789 6030 5007 6251 nennen — einen Quintsextenaccord; und zwar erhalten wir in
788 6186 4997 6434 Beziehung auf den hier noch beliebig anzunehmenden Grundton f
802 6430 5001 6659 den positiven, hingegen in Beziehung auf den ebensowohl denkbaren
814 6582 4981 6875 und daher ebensowohl zu wählenden Grundton a den negativen
788 6853 5016 7042 Quintsextenaccord, mit welcher Benennungsweise denn auch die
803 7033 4997 7246 Bezeichnungsart in dem einen Falle (nämlich für die Combination
804 7199 4966 7444 f a c d) +f6, im anderen (für die Combination c d f a) -a6 in
797 7399 4999 7659 Rücksicht des Vorhergehenden consequent erscheint. Auch in jedem
796 7632 5000 7845 dieser Vierklänge sind, wie in den entgegengesetzten Septimen¬
811 7800 4999 8097 accorden, zwei hörbar nicht verwandte Accorde unvollständig, und
