5704 9383
2696 662 2926 917 65
673 888 4927 1239 quenz verfolgt werden kann. Wie die Melodie an die Bedingung
671 1218 4931 1451 der Harmonie, so ist diese, namentlich, wenn größere Mannich¬
709 1415 4889 1659 faltigkeit erzeugt werden soll, an die Bedingung der Modulation,
684 1614 4927 1860 diese, zum Zwecke der Erkenntniß der Feststellung einzelner Gedan¬
698 1816 4925 2082 kenabschnitte, an die Accorde der Tonart und die mit Hülfe der¬
708 2038 4935 2273 selben zu bildenden Cadenzen, und diese sind an die Bedingung
678 2240 4926 2457 der Leittöne und Leitaccorde (Duraccorde) gebunden. Im Allge¬
685 2461 4934 2696 meinen ist daher einleuchtend, daß eine Verbindung von lauter
686 2621 4950 2929 Mollaccorden (wie z. B. die vorstehende) einen sehr unbefriedi¬
681 2811 2223 3148 genden Eindruck macht.
996 3120 4933 3420 Wenn bei der Darstellung der im Beispiel 23 aufgestellten
652 3354 4901 3636 Accordverbindung den als nothwendig erachteten Bedingungen,
653 3593 4923 3825 rücksichtlich der äußeren Stimmen, genügt werden soll, so kann
657 3822 3862 4045 nach dem Obigen die zu harmonisirende Tonreihe
2065 4045 3545 4439 c b as g f es des c
648 4445 4919 4709 nicht mit dem Grundton c, sondern sie muß mit dem Intervallton
640 4704 4931 4921 der Quinte f anfangen und endigen. So entsteht denn aus der
635 4872 4899 5104 vorhergehenden die folgende Tonreihe, welche zwar, den Bestand¬
645 5079 4920 5334 theilen nach, jener vollkommen gleich ist aber in Betracht der
648 5255 4921 5633 Ordnung, nach welcher die Bestandtheile auf einander folgen, die
690 5480 3525 5789 sogenannte absteigende F-moll-Scala bildet:
2021 5824 3463 6073 f es des c b as g f,
628 6051 2998 6453 wie das Beispiel 24 in Noten zeigt:
962 7074 4868 7503 Diese Tonreihe läßt sich als Repräsentation der nachstehen¬
601 7404 2689 7697 den Accordverbindung ansehen:
1356 7694 4403 7932 -c -g +des +as -f -c +c7 -c,
612 7946 3219 8225 wie aus dem Beispiel 25 deutlich wird:
