5704 9137
2764 559 3038 854 43
832 812 4960 1173 sammengesetzten negativen Accord d f a c (d. i. -a6) der Accord
797 1122 4941 1365 d f a (d. i. -a) vollständig enthalten und c es g (d. i. -g)
808 1315 4978 1539 durch die Quinte c (d. i. im Moll-Accorde der Baßton) repräsen¬
810 1492 4994 1738 tirt, weil auch in diesem Falle durch Hinzufügung der übrigen
810 1701 4974 1915 Bestandtheile des letzten Accordes die Terzengestalt aufgehoben
812 1941 4984 2170 und mit ihr die Harmonie zerstört werden würde, was aus der
819 2125 3730 2459 nachstehenden Combination zu entnehmen ist:
1140 2652 4992 2947 In Betreff des Vierklangs d f a c (d. i. der sogenannte
792 2920 4986 3118 Moll-Septimen-Accord), dessen zweifache Ableitung hiermit erwie¬
842 3113 4975 3353 sen worden ist, entscheidet für die Annahme seines Grundtons in
838 3340 4991 3541 f oder a in einer Accordverbindung der dem fraglichen folgende
843 3510 5002 3736 Accord. Die eine oder andere Ableitung wird durch den Grad der
835 3690 4999 3913 Verwandtschaft des fraglichen Vierklangs mit dem ihm folgenden
827 3905 4990 4100 Accorde motivirt, wobei übrigens auch noch die Gleichartigkeit der
824 4085 4999 4321 Accorde in Betracht zu ziehen ist. Wäre z. B. der dem oben näher
843 4321 4997 4540 beleuchteten Vierklang d f a c folgende Accord ein positiver, so
830 4541 5014 4779 würde im Allgemeinen +f6, wäre er aber ein negativer, so würde
1000 4720 2409 4966 -a6 anzunehmen sein.
1078 4932 5007 5137 Aus der nunmehr erkannten Bedeutung der verschiedenen Arten
841 5098 5005 5328 von zusammengesetzten rein harmonischen Accorden, namentlich des
854 5284 5007 5572 positiven und negativen Septimen-, wie auch des positiven und
849 5544 5001 5728 negativen Quintsextenaccordes leuchtet ein, daß keiner derselben
882 5704 4992 5939 selbstständig ist, wie durch seine Klangwirkung bereits unwider¬
883 5870 4999 6136 sprechlich erwiesen; daß daher keiner an und für sich zu befriedi¬
872 6093 5019 6348 gen und einen Tonsatz abzuschließen vermag, wie es mit einfachen
845 6287 4988 6546 Accorden geschehen kann; daß vielmehr jeder zusammengesetzte,
865 6495 5023 6727 rein harmonische Accord erst durch andere Accorde erklärt (oder
875 6723 5011 6916 wie man gewöhnlich sagt: aufgelöst) werden muß, und zwar zu¬
872 6940 5029 7115 nächst und im Grunde am befriedigendsten durch denjenigen ein¬
898 7100 5010 7342 fachen Accord, in welchem die beiden, im zusammengesetzten Ac¬
865 7298 5028 7504 corde vereinigten nicht verwandten, aber gleichartigen (entweder
879 7484 5011 7716 beide positiven oder negativen) Accorde verwandt sind, und durch
865 7687 5007 7933 welchen ihre Verwandtschaft als vermittelt angesehen werden kann.
