5704 9395
2682 591 2902 872 17
641 894 4913 1232 zeigt dem Auge nicht mehr das Bild der Congruenz der geringsten
640 1197 4897 1425 Anzahl der Theile mit dem Ganzen. Denn schauen wir die geringste
701 1392 4910 1619 Zahl von Theilen oder Einheiten, welche aus der einfachsten Thei¬
658 1625 4899 1800 lung hervorgehen, also 2 mal ½ oder ⅔ als Concretes an der
662 1800 4907 2027 körperlichen Länge, so ist sie congruent mit 1 oder dem ursprüng¬
661 2022 4886 2230 lichen Ganzen. Anders verhält es sich aber mit ⅔ und 1, und auch
640 2267 4912 2447 mit den Tönen, welche aus den Längen von 1 und ⅔ hervor¬
663 2470 4898 2687 gehen; es stellt sich durch den Zusammenklang derselben nicht mehr
655 2654 4906 2860 der Gegensatz am gleichartigen, sondern am verschiedenartigen und
649 2883 4905 3060 um deßwillen auch ungleichnamigen Tönenden heraus, wie wir in
655 3076 4467 3305 dem Verlauf unserer Betrachtungen näher einsehen werden.
979 3287 4902 3531 Da nach dem Vorhergehenden die Längen- und Schwin¬
654 3549 4916 3775 gungszahlen der sogenannten tönenden Körper im umgekehrten
653 3774 4904 3982 Verhältniß stehen, so leuchtet ein, daß die Zahlen ebensowohl in
658 3959 4914 4140 Beziehung auf die relative Länge, als auf die relativen Vibratio¬
653 4165 4920 4435 nen eines übrigens innerhalb der Grenzen unseres Tonumfangs
641 4338 4908 4570 beliebig anzunehmenden Grundtones 1 gedacht werden können.
650 4565 4917 4787 Rücksichtlich der höheren Töne, die aus der Theilung eines den
661 4761 4923 5019 Grundton angebenden Körpers entstehen, entspricht die Reihe der
661 5036 4913 5245 natürlichen Zahlen der folgenden Reihe von Tönen, von welchen
648 5212 4937 5437 diejenigen, die dem Grundton zunächst folgen, also die, welche
637 5416 4910 5656 aus $$MATH Länge hervorgehen, unter den oben näher
657 5599 4285 5869 bezeichneten Umständen, als Aliquottöne gehört werden.
1008 5849 4928 6136 Giebt demnach die Länge 1 das c der großen Octave, so
648 6070 4921 6348 entsprechen die Zahlen 2, 3, 4, 5 und so fort sowohl als Längen¬
656 6280 4918 6536 theile, wie auch als Schwingungsmengen den folgenden höheren
650 6479 1198 6727 Tönen.
