5704 9258
2704 540 2976 902 54
1063 2012 4890 2222 Die hier mehrfach dargestellte Accordverbindung erscheint,
768 2207 4933 2406 wegen der bereits dargelegten nahen Beziehung der auf einander
760 2388 4936 2654 folgenden Accorde selbst dann noch faßlich, wenn sie einstimmig
747 2603 4917 2812 dargestellt, d. h. wenn jeder Accord derselben nur durch einen Ton
721 2798 1878 3060 repräsentirt wird.
1053 3004 4927 3234 Mit Rücksicht auf die möglichst geringe Anzahl der Darstel¬
735 3265 4952 3489 lungsmittel (demnach den einstimmigen Satz) ist schon im Voraus
763 3439 4928 3668 zu erwarten, daß die Töne, durch welche die betreffenden Accorde
752 3648 4959 3872 zu repräsentiren sind, ebenso absolut bestimmt seien, als die Accorde
724 3849 4941 4089 und die sie charakterisirenden Bestandtheile selbst. Denn sonst wäre
731 4064 2372 4346 kein Verständniß denkbar.
1070 4268 4913 4570 Geht man bei der Repräsentation der Accordverbindung
761 4477 1495 4773 (Harmonie)
740 4916 4926 5158 durch eine Folge von Tönen (Melodie) von dem, den Grundaccord
754 5112 4924 5339 +c verursachenden Bestandtheil (d. i. sein Grundton c), als
718 5334 4904 5548 dessen vollgültigsten Repräsentanten aus, so entsteht die Frage,
740 5547 4931 5730 welche Töne die Repräsentanten aller folgenden Accorde sein wer¬
750 5708 4915 5921 den, und zwar beschränkt sich diese Frage zunächst auf den Accord
800 5928 4038 6199 +g, als den zweiten der vorstehenden Verbindung.
1029 6157 4903 6383 Obgleich der Bestandtheil g, als Grundton des Accordes
802 6373 4890 6606 +g, dessen vollgültigster und wenn auch nicht einziger, doch je¬
717 6608 4918 6888 denfalls zunächst berechtigter Repräsentant ist, so kann er doch als
769 6801 4923 7025 solcher, in Hinsicht auf den, dem Accorde +g vorhergehenden
737 6979 4898 7220 +c und dessen Repräsentanten c, um deswillen keine Geltung
727 7202 4887 7427 erlangen, weil der Ton g sowohl dem Accord +c, als auch +g
726 7412 4923 7573 angehört und es daher in Beziehung auf die Tonfolge c g als
730 7585 4910 7825 Repräsentation der Accordfolge +c +g unentschieden bleiben
715 7818 4917 8038 würde, ob der Ton g sich auf den ersten oder den zweiten Accord
