5704 9141
2786 475 3070 804 46
832 878 5014 1155 Aus dieser allgemeinen Bezeichnung geht für die oben aufgestellte
846 1085 1989 1332 Accordverbindung
2276 1240 3625 1528 +f6 +g7 +c
822 1427 2274 1706 die allgemeine Formel
2247 1622 3695 1889 +IV6 +V7 +I
844 1847 4979 2074 hervor, in welcher wir rücksichtlich der beiden letzten Accorde den
855 2047 4980 2270 Fortschritt der einzelnen Bestandtheile als in der Regel nothwen¬
822 2234 2151 2487 dig bedingt ansehen.
1159 2407 4984 2656 Im Hinblick auf die gleiche Größe der Intervalle, welche die
818 2601 4990 2870 dem Grundton I entgegenstehenden Töne V und IV nach Höhe
799 2853 3797 3070 und Tiefe hin abgrenzen (die Quinten nämlich)
801 3640 4956 3918 hat man die Prime, als den Grundton, von welchem die Entwicke¬
806 3878 4956 4059 lung des Gegensatzes ausgeht, die Tonica, die obere Quinte, als
784 4106 4971 4272 den neben dem Grundton vorherrschenden Ton, der nicht nur unter
807 4274 4958 4466 den Aliquottönen das erste vom Grundton wirklich verschiedene
812 4466 4968 4719 Element, sondern auch im Grundaccord selbst als Bestandtheil
791 4699 4941 4916 enthalten ist, die Dominante, und die Quarte, im Hinblick auf
787 4883 4964 5116 das Intervall, welches sie bei ihrer Versetzung in die tiefere Octave
947 5063 4942 5263 — mithin unter dem Grundton — abgrenzt (d. i. die dem Grund¬
798 5254 4886 5498 ton nach der entgegengesetzten Richtung entgegenstehende Quinte,
792 5501 4959 5713 die Subdominante genannt und die auf diese Töne bezüglichen
790 5695 4946 5892 Accorde, wie z. B. +I, +V, +IV, +V7, mit den Namen
781 5874 4932 6152 Tonica-Dreiklang, Dominantenaccord, Subdominantenaccord,
786 6078 2864 6316 Dominantseptimenaccord belegt.
1083 6214 4954 6472 Obwohl in Betreff der Accordverbindung +g7 +c der
816 6455 4935 6682 Fortschritt von f zu e nicht weniger, wo nicht — mindestens der
776 6683 4901 6910 Richtung nach — noch mehr bedingt erscheint, als der von h zu c,
777 6894 4938 7064 und man insofern ebensowohl den Ton f (d. i. die Septime von
825 7056 4930 7302 +g7) einen Leitton abwärts, als den Ton h (d. i. die Terz von
848 7288 4890 7505 +g7, wie auch von +g) einen Leitton aufwärts nennen könnte,
786 7494 4932 7727 so hat doch der letztere bis jetzt ausschließlich den Namen Leitton
754 7666 4925 7934 erhalten. Vielleicht zunächst deshalb, weil man ihn ebensowohl
