5704 9104
2718 471 2959 804 31
2509 792 3174 1147 $$MATH.
731 1095 4892 1330 Damit auch das erste Glied mit den übrigen beiden dieser dreiglie¬
737 1334 4876 1562 derigen Reihe in gleicher Gestalt, nämlich in Bruchform erscheine,
754 1509 4904 1757 wodurch wir im Stande sind, die Reihen der Zähler und Nenner
766 1711 4891 1967 von einander getrennt zu betrachten, so setzen wir statt des ersten
760 1923 4909 2170 Gliedes 1 den Zahlenausdruck $$MATH. Dadurch erhalten wir die
752 2119 1202 2379 Reihe
2511 2300 3218 2564 $$MATH.
753 2426 3974 2766 Was nun die Entstehung der beiden ersten Glieder
2526 2713 3230 2924 $$MATH und $$MATH
754 2712 4906 3108 betrifft, so kann ebensowohl in den Zählern als in den Nennern
762 3065 4887 3294 das zweite Glied aus dem ersten auf zweifache Weise hervorgegan¬
754 3243 4396 3522 gen gedacht werden. In den Zählern nämlich die Glieder
2680 3444 3150 3669 1 und 2
760 3611 2619 3866 entweder durch Addition aus
2356 3786 3299 4101 1 und 1 + 1
764 3995 2719 4284 oder durch Multiplication aus
2411 4203 3311 4470 1 und $$MATH,
763 4386 3309 4701 und eben so in den Nennern die Glieder
2553 4637 3161 4874 1 und 3
750 4799 2639 5066 entweder durch Addition aus
2375 5018 3328 5274 1 und 1 + 2
767 5206 2707 5473 oder durch Multiplication aus
2432 5395 3328 5665 1 und $$MATH.
1105 5550 4904 5850 Erst durch das dritte Glied der Reihe wird die Entstehung
805 5843 4910 6084 sämmtlicher drei Glieder und somit ihre Beziehung auf einander
775 6006 4913 6253 unzweifelhaft. Denn nur der zweiten Entstehungsart gemäß er¬
801 6219 4916 6489 scheint in der Reihe der Zähler die Zahl 4, und nur in Folge der
780 6404 4915 6650 ersten Entstehungsart in der Reihe der Nenner die Zahl 5 als
789 6629 4909 6845 drittes Glied. Ebenso werden die Töne, welche den beiden ersten
786 6845 4896 7065 Gliedern der Reihe entsprechen (die Bestandtheile des Quintenin¬
784 7031 4915 7281 tervalles) im Zusammenklang weder zum positiven (Dur-), noch
778 7212 4924 7471 zum negativen (Moll-) Accord bestimmt; erst der dem dritten
782 7432 4907 7674 Gliede der Reihe entsprechende Ton (die Terz) bestimmt in dem
758 7616 4899 7872 vorliegenden Falle die den beiden vorhergehenden Gliedern ent¬
