<?xml version="1.0" encoding="UTF-8" standalone="yes"?>
<PcGts xmlns="http://schema.primaresearch.org/PAGE/gts/pagecontent/2013-07-15" xmlns:xsi="http://www.w3.org/2001/XMLSchema-instance" xsi:schemaLocation="http://schema.primaresearch.org/PAGE/gts/pagecontent/2013-07-15 http://schema.primaresearch.org/PAGE/gts/pagecontent/2013-07-15/pagecontent.xsd">
    <Metadata>
        <Creator>prov=University of Rostock/Institute of Mathematics/CITlab|PLANET AI GmbH/Gundram Leifert/gundram.leifert@planet-ai.de:name=ONB_Newseye_GT_M1+(htr_id=10810)::::v=2.6.7
prov=University of Rostock/Institute of Mathematics/CITlab|PLANET AI GmbH/Tobias Gruening/tobias.gruening@planet-ai.de:name=de.uros.citlab.module.baseline2polygon.B2PSeamMultiOriented:v=2.6.7
prov=University of Rostock/Institute of Mathematics/CITlab|PLANET AI GmbH/Tobias Gruening/tobias.gruening@planet-ai.de:name=/net_tf/LA73_249_0mod360.pb:de.uros.citlab.segmentation.CITlab_LA_ML:v=2.6.7
Transkribus</Creator>
        <Created>2021-09-22T14:25:22.235+02:00</Created>
        <LastChange>2021-10-08T10:41:26.113+02:00</LastChange>
        <TranskribusMetadata docId="786648" pageId="29710579" pageNr="11" tsid="66127773" status="DONE" userId="74363" imgUrl="https://files.transkribus.eu/Get?id=UNZKYHRWPWXZUAEMNGBYYMPL&amp;fileType=view" xmlUrl="https://files.transkribus.eu/Get?id=OZUYDGMETKYLZJLMKDRIGRDV" imageId="23310081"/>
    </Metadata>
    <Page imageFilename="Kraushaar1852-0011.jpg" imageWidth="5704" imageHeight="9283" type="content">
        <ReadingOrder>
            <OrderedGroup id="ro_1634213917597" caption="Regions reading order">
                <RegionRefIndexed index="0" regionRef="TextRegion_1632816448754_306"/>
                <RegionRefIndexed index="1" regionRef="TextRegion_1632816448754_305"/>
                <RegionRefIndexed index="2" regionRef="TextRegion_1632816445978_301"/>
                <RegionRefIndexed index="3" regionRef="TextRegion_1632816444239_297"/>
            </OrderedGroup>
        </ReadingOrder>
        <TextRegion orientation="0.0" type="page-number" id="TextRegion_1632816448754_306" custom="readingOrder {index:0;} structure {type:page-number;}">
            <Coords points="666,561 4894,561 4894,887 666,887"/>
            <TextLine id="r2l1" custom="readingOrder {index:0;}">
                <Coords points="2720,712 2761,723 2800,755 2831,759 2874,434 2843,430 2789,471 2752,466"/>
                <Baseline points="2754,664 2784,661 2814,672"/>
                <TextEquiv>
                    <Unicode>6</Unicode>
                </TextEquiv>
            </TextLine>
            <TextEquiv>
                <Unicode>6</Unicode>
            </TextEquiv>
        </TextRegion>
        <TextRegion orientation="0.0" type="paragraph" id="TextRegion_1632816448754_305" custom="readingOrder {index:1;} structure {type:paragraph;}">
            <Coords points="666,887 4894,887 4894,2700 666,2700"/>
            <TextLine id="r2l2" custom="readingOrder {index:0;}">
                <Coords points="653,1142 4922,1203 4923,960 4785,917 654,952"/>
                <Baseline points="682,1108 892,1110 1103,1110 1313,1112 1524,1112 1735,1114 1945,1114 2156,1114 2366,1114 2577,1116 2788,1116 2998,1116 3209,1116 3419,1116 3630,1116 3841,1116 4051,1116 4262,1116 4472,1116 4683,1118 4894,1118"/>
                <TextEquiv>
                    <Unicode>von welcher die Faßlichkeit und nachhaltige Wirkung eines</Unicode>
                </TextEquiv>
            </TextLine>
            <TextLine id="r2l3" custom="readingOrder {index:1;} concept_mus {offset:0; length:10;}">
                <Coords points="639,1464 4919,1496 4919,1274 4739,1226 639,1226"/>
                <Baseline points="666,1394 877,1394 1088,1394 1299,1394 1511,1396 1722,1396 1933,1396 2145,1396 2356,1396 2567,1396 2779,1396 2990,1396 3201,1396 3412,1396 3624,1396 3835,1396 4046,1396 4258,1396 4469,1394 4680,1394 4892,1394"/>
                <TextEquiv>
                    <Unicode>Tonstückes zum großen Theil abhängt. Dies Letztere wird in</Unicode>
                </TextEquiv>
            </TextLine>
            <TextLine id="r2l4" custom="readingOrder {index:2;}">
                <Coords points="686,1802 4818,1746 4887,1514 686,1543"/>
                <Baseline points="714,1674 921,1674 1128,1676 1335,1676 1543,1676 1750,1676 1957,1676 2165,1676 2372,1676 2579,1676 2787,1676 2994,1676 3201,1676 3408,1676 3616,1676 3823,1676 4030,1676 4238,1676 4445,1677 4652,1678 4860,1680"/>
                <TextEquiv>
                    <Unicode>meinem größeren Werke vollständig erwiesen werden, in Ver¬</Unicode>
                </TextEquiv>
            </TextLine>
            <TextLine id="r2l5" custom="readingOrder {index:3;}">
                <Coords points="693,2055 4920,1973 4920,1814 4402,1762 693,1807"/>
                <Baseline points="722,1962 930,1962 1139,1960 1347,1960 1556,1960 1765,1960 1973,1960 2182,1960 2390,1960 2599,1960 2808,1960 3016,1962 3225,1962 3433,1962 3642,1962 3851,1960 4059,1960 4268,1960 4476,1958 4685,1956 4894,1954"/>
                <TextEquiv>
                    <Unicode>gleich zu welchem die nachstehende Abhandlung nur als eine</Unicode>
                </TextEquiv>
            </TextLine>
            <TextLine id="r2l6" custom="readingOrder {index:4;}">
                <Coords points="682,2304 4914,2293 4914,2113 4703,2044 682,2087"/>
                <Baseline points="708,2242 916,2242 1125,2242 1334,2242 1543,2242 1752,2242 1961,2242 2170,2242 2379,2242 2588,2244 2797,2244 3005,2244 3214,2244 3423,2244 3632,2244 3841,2242 4050,2242 4259,2242 4468,2242 4677,2240 4886,2240"/>
                <TextEquiv>
                    <Unicode>Skizze erscheint, die hiermit der wohlwollenden Beachtung aller</Unicode>
                </TextEquiv>
            </TextLine>
            <TextLine id="r2l7" custom="readingOrder {index:5;} concept_mus {offset:10; length:12;}">
                <Coords points="674,2616 4722,2629 4722,2429 4410,2333 675,2346"/>
                <Baseline points="702,2520 901,2522 1101,2524 1301,2526 1500,2526 1700,2528 1900,2528 2099,2530 2299,2530 2499,2530 2699,2530 2898,2530 3098,2528 3298,2528 3497,2528 3697,2528 3897,2528 4096,2528 4296,2526 4496,2526 4696,2526"/>
                <TextEquiv>
                    <Unicode>denkenden Musikfreunde angelegentlich empfohlen sein mag.</Unicode>
                </TextEquiv>
            </TextLine>
            <TextEquiv>
                <Unicode>von welcher die Faßlichkeit und nachhaltige Wirkung eines
Tonstückes zum großen Theil abhängt. Dies Letztere wird in
meinem größeren Werke vollständig erwiesen werden, in Ver¬
gleich zu welchem die nachstehende Abhandlung nur als eine
Skizze erscheint, die hiermit der wohlwollenden Beachtung aller
denkenden Musikfreunde angelegentlich empfohlen sein mag.</Unicode>
            </TextEquiv>
        </TextRegion>
        <TextRegion orientation="0.0" type="paragraph" id="TextRegion_1632816445978_301" custom="readingOrder {index:2;} structure {type:paragraph;}">
            <Coords points="666,2700 4894,2700 4894,3333 666,3333"/>
            <TextLine id="r2l8" custom="readingOrder {index:0;} location {offset:0; length:6;} textStyle {offset:0; length:6;fontSize:0.0; kerning:0; letterSpaced:true;} time {offset:11; length:11;}">
                <Coords points="1011,3203 1175,3129 2195,3204 2470,3141 2776,3257 2777,2914 2623,2887 2370,2945 1873,2913 1640,2971 1345,2907 1012,2965"/>
                <Baseline points="1040,3084 1125,3089 1211,3092 1296,3094 1382,3094 1467,3094 1553,3096 1638,3094 1724,3094 1809,3094 1895,3092 1980,3092 2066,3090 2151,3090 2237,3090 2322,3090 2408,3090 2493,3092 2579,3094 2664,3096 2750,3100"/>
                <TextEquiv>
                    <Unicode>Cassel, im Januar 1852.</Unicode>
                </TextEquiv>
            </TextLine>
            <TextEquiv>
                <Unicode>Cassel, im Januar 1852.</Unicode>
            </TextEquiv>
        </TextRegion>
        <TextRegion orientation="0.0" type="paragraph" id="TextRegion_1632816444239_297" custom="readingOrder {index:3;} structure {type:paragraph;}">
            <Coords points="666,3333 4894,3333 4894,3728 666,3728"/>
            <TextLine id="r2l9" custom="readingOrder {index:0;} textStyle {offset:0; length:14;fontSize:0.0; kerning:0; bold:true;}">
                <Coords points="3516,3706 3648,3744 3965,3697 4018,3734 4287,3714 4393,3768 4811,3716 4811,3526 4605,3446 4183,3471 4098,3428 3802,3501 3628,3427 3517,3468"/>
                <Baseline points="3542,3674 3604,3674 3666,3674 3728,3674 3790,3674 3853,3674 3915,3676 3977,3676 4039,3676 4101,3676 4164,3678 4226,3678 4288,3678 4350,3678 4412,3678 4475,3678 4537,3678 4599,3678 4661,3678 4723,3676 4786,3676"/>
                <TextEquiv>
                    <Unicode>Der Verfasser.</Unicode>
                </TextEquiv>
            </TextLine>
            <TextEquiv>
                <Unicode>Der Verfasser.</Unicode>
            </TextEquiv>
        </TextRegion>
    </Page>
</PcGts>
