5704 9337
2732 526 3004 860 56
746 879 4927 1151 scher oder harmonischer Töne. Melodische Töne finden sich in Be¬
715 1124 4786 1348 treff der vorstehenden Tonfolge nur im Anfang und am Schluß.
1052 1315 4915 1648 Wenn hinsichtlich der Wahl der Repräsentanten für die obige,
715 1575 4928 1809 den accordlichen Gegensatz im Durgebiete darstellende Accordver¬
730 1771 4948 2044 bindung die positive Richtung entscheiden sollte, so würde für den
726 2002 4933 2268 zweiten Accord +g der Ton d zu wählen sein. Und so ist es
716 2195 4913 2456 auch, denn diese Wahl hebt nicht nur die durch jede andert herbei¬
739 2421 4915 2667 geführten Uebelstände auf, sondern zeigt sich auch in sofen moti¬
714 2569 4916 2880 virt, als man bei dem Verfolge dieser Richtung die, der Höhe
709 2789 4911 3068 nach, einander zunächst liegenden Töne erhält, welche, der Reihe
722 2988 4914 3286 nach, den auf einander folgenden Accorden der gedachte Verbin¬
717 3207 4909 3486 dung angehören, nämlich für den dritten Accord +c dessen Terz
719 3419 4926 3659 e, für den vierten +f dessen Grundton f, für den fünften +c
717 3624 4924 3928 dessen Quinte g, für den sechsten +f6 dessen Terz a, für den sie¬
717 3840 4925 4070 benten +g7 dessen Terz h und für den achten +c dessen Grund¬
717 3992 4919 4325 ton c. Der letztgenannte Bestandtheil erscheint an dieser Stelle
718 4267 4904 4489 zwar zum zweiten Mal, aber erst, nachdem der Accord durch alle
718 4472 4930 4681 übrigen ihm angehörigen Bestandtheile vertreten worden ist. Mit
708 4644 4894 4879 Beziehung auf die für die sogenannten Stufen der Tonleiter ge¬
710 4841 4933 5064 bräuchlichen Namen Prime (erste), Secunde (zweite), Terz (dritte
735 5046 4922 5256 Stufe) u. s. w. sind jene Stufen der Leiter (eigentlich Glieder der
702 5240 4915 5461 Tonreihe) mit römischen Ziffern bezeichnet worden. Demnach er¬
705 5452 4703 5723 halten wir mit Rücksicht auf die vorhergehenden Bestimmungen
717 5717 4918 5963 für den Accord +c den Repräsentanten c auf der I. Stufe der positiven Scala,
829 5886 4780 6199 „ „ +g „ „ d „ „ II. „ „ „ „
860 6116 4790 6329 „ „ +c „ „ e „ „ III. „ „ „ „
845 6202 4775 6446 „ „ +f „ „ f „ „ IV. „ „ „ „
822 6422 4768 6627 „ „ +c „ „ g „ „ V. „ „ „ „
821 6557 4773 6780 „ „ +f6 „ „ a „ „ VI. „ „ „ „
830 6782 4776 7001 „ „ +g7 „ „ h „ „ VII. „ „ „ „
829 6951 4776 7178 „ „ +c „ „ c „ „ VIII. „ „ „ „
1010 7139 4904 7357 Den Namen positive Scala wählen wir für diese sogenannte
692 7359 4926 7584 diatonische Tonfolge, welche als die harte oder Dur-Tonleiter be¬
706 7571 4914 7811 zeichnet wird, weil jeder Ton derselben sich auf einen positiven
709 7768 3448 8066 Accord bezieht, wie das Beispiel 17 zeigt:
