5704 9183
2609 478 2861 898 59
624 808 4802 1137 halten, wenn nicht Unklarheit und Ungereimtheit in den Lehren
646 1160 4803 1365 der Musik und auch bei der Composition und Ausführung eines
628 1357 4815 1610 Musikstückes selbst entstehen soll. Was würde sich zum Beispiel
645 1536 4818 1784 daraus ergeben, wenn man die Stimmen eines Tonsatzes, der
639 1800 4812 2027 nicht darauf berechnet ist, umkehren, oder gar ein Tonstück vom
666 1952 3560 2164 Ende nach dem Anfang hin vortragen wollte? —
971 2160 4813 2476 Es hat sich bis jetzt in Beziehung auf die harmonischen Ele¬
628 2416 4821 2700 mente die Umkehrung und der Gegensatz als etwas wesentlich Ver¬
650 2688 4822 2939 schiedenes herausgestellt und kann auch in Beziehung auf die me¬
640 2852 4016 3190 lodischen Elemente, wie überhaupt, nicht anders sein.
951 3170 4833 3419 Die umgekehrte oder absteigende positive Scala ist als eine
649 3393 4817 3611 von der aufsteigenden positiven abgeleitete Tonverbindung (in me¬
639 3583 4802 3825 lodischem Sinne) zu betrachten und deshalb auch der Beziehung
655 3807 4828 4011 auf entfernter liegende sogar auf zum Theil reell nicht verwandte
645 3984 4808 4228 Accorde fähig — sogar nothwendiger Weise darauf hingewiesen.
644 4224 4832 4411 Mit Hinsicht auf die Accorde, welche sich mit den Bestandtheilen
647 4403 4804 4639 der Scala bilden lassen, demnach der Tonart selbst angehören, und
654 4584 4827 4792 eben darum zu den nächstliegenden zu zählen sind, bieten sich zur
657 4780 3914 5024 Erklärung der Faßlichkeit der absteigenden Tonreihe
2141 4995 3323 5379 c h a g f e d c
684 5168 1534 5581 folgende dar:
1335 5364 4229 5686 +c +g -e -h +f +c +g7 +c,
651 5566 4032 5970 deren vierstimmige Darstellung das Beispiel 20 zeigt:
966 6979 4822 7346 Die Accordfolge +g -e wird erklärt, indem man zwischen
671 7257 4827 7552 beide Accorde -h, desgleichen die Accordfolge -h +f, indem
661 7469 4828 7780 man zwischen beide +c eingeschoben denkt, etwa auf die Weise,
630 7710 1992 8005 wie im Beispiel 21:
