5704 9266
2798 475 3089 818 13
807 811 5043 1146 Tactes die Bestandtheile des Accordes d fis a c auf einander fol¬
822 1127 3289 1405 gen. In dem nun folgenden Beispiele
816 3440 5052 3798 ist im zweiten Tacte der aus dem ersten angebundene Ton d ein
831 3766 5052 3981 Vorhalt und als solcher ein melodisches Element in der Verbindung
822 3979 5058 4189 der übrigen harmonischen Bestandtheile; ebenso im vierten Tact
824 4130 5049 4412 der Ton e, im sechsten der Ton c und im achten die Töne f
830 4350 1304 4606 und a.
1157 4417 5053 4796 Wenn das gleichzeitige Erfassen von Tönen den nämlichen
830 4772 5061 4984 räumlichen Bedingungen, wie das von sichtbaren Dingen unter¬
844 4932 5044 5204 worfen wäre, so müßten sich die im sogenannten Tonraume, näm¬
848 5143 5047 5383 lich nach Höhe und Tiefe einander zunächst liegenden Töne, na¬
844 5360 5060 5590 mentlich die Bestandtheile der chromatischen Tonleiter im Zusam¬
861 5590 5051 5792 menklang auffassen lassen. Dies ist aber unmöglich, wie ein
842 5741 5057 5989 Versuch auf dem Pianoforte zu erweisen vermag, und führt sonach
852 5953 5067 6215 zu dem Schluß, daß die Töne der kleinsten Intervalle nicht auch
843 6149 5059 6411 diejenigen sind, welche in nächster Beziehung zu einander stehen.
846 6385 5051 6615 Im Gegentheil zeigen sich die Bestandtheile des größten harmoni¬
879 6543 5079 6813 schen Intervalls — der Octave nämlich — als diejenigen, welche
862 6759 5057 7011 am meisten Gleichartiges wahrnehmen lassen, den am meisten
872 6951 5040 7218 befriedigenden Zusammenklang (nach dem technischen Ausdruck:
850 7146 5076 7451 die vollkommenste Consonanz) bilden und demnach wohl als in
833 7322 4473 7586 nächster Beziehung zu einander stehend anzunehmen sind.
1172 7554 5058 7820 Nach diesem bekannten praktischen Ergebniß muß die anzu¬
842 7795 5069 8052 nehmende gemeinschaftliche Bedingung für das leichteste, nämlich
