5704 9241
2122 2883 3716 3275 Vorwort.
1210 3779 5046 4147 Die nachstehende Abhandlung, welche die von mir zuerst
815 4145 5010 4374 versuchte, wissenschaftlich begründete Darstellung des accordli¬
837 4420 5022 4701 chen Gegensatzes und die einstimmige Repräsentation desselben
811 4683 5011 4937 durch die Scala enthält, somit die Scala selbst erklärt und
819 4953 5029 5222 begründet, hat den Zweck, auf das Erscheinen eines von mir
811 5264 5012 5565 verfaßten größeren theoretischen Werkes vorzubereiten, das die
813 5566 5009 5835 Lehre vom tonischen Gegensatz, mit Rücksicht auf Harmonie
869 5824 5012 6118 insbesondere Accordenlehre), Melodie (sowohl in Tonsätzen
807 6122 4998 6399 des einfachen, als des doppelten Contrapunctes) und Rhythmus
862 6375 5006 6682 (welche letztere, für die Composition sehr wichtige Lehre von
795 6661 4966 6932 mir viel weiter als bisher ausgeführt worden ist) zum Gegen¬
829 6956 4994 7255 stande hat. Bei der Darstellung des accordlichen Gegensatzes
788 7243 4953 7529 beschränke ich mich in der nachstehenden Abhandlung nur auf
792 7521 4957 7833 einen Theil meiner neuen Lehre, nämlich auf die Entwickelung
776 7808 4993 8093 meines neuen Accordsystems, hoffend, daß sie allein schon den
