5704 9345
2923 472 3203 772 16
925 757 5181 1069 Töne) die gleichen Schwingungsverhältnisse erkennen. Wir dürfen
918 1034 5170 1259 die Gründe dieser Abweichungen (z. B. bei den Blasinstrumenten
917 1248 5168 1485 das zu starke Blasen) hier unerörtert lassen, weil sie ausschließlich
923 1499 5148 1724 in das Gebiet der Physik gehören und weil die Töne, bei welchen
941 1648 5166 1887 solche Abweichungen angetroffen werden, für unseren Zweck nicht
933 1875 3911 2122 Gegenstand specieller Betrachtung sein können.
1244 2091 5174 2275 Die Tonhöhen, welche in Folge der Verkleinerungen des
960 2289 5169 2516 schwingenden Körpers und der Vergrößerungen seiner Schwin¬
925 2495 5177 2699 gungszahl, wie auch die Tontiefen, welche durch Vergrößerungen
922 2679 5147 2911 des schwingenden Körpers und Verkleinerungen seiner Schwin¬
910 2910 5161 3115 gungszahl entstehen, bilden bei gleichmäßiger Verkleinerung und
927 3095 5136 3300 Vergrößerung, mit Rücksicht auf den Ton, welchen die ursprüng¬
915 3290 5134 3518 liche schwingende Länge angiebt (das ist der Grundton) gleich
924 3491 5154 3723 große, aber von diesem aus, in Beziehung auf die Richtung im
909 3714 5140 3908 Tonraume entgegengesetzte (nämlich höhere und tiefere) Intervalle.
1247 3907 5152 4149 Die halbe Länge einer Saite giebt die höhere, die zweifache
909 4120 5171 4325 Länge hingegen die tiefere Octave (in der diatonischen Scala vom
942 4299 5157 4536 Grundton aus). Diese sichtbar faßlichsten Verhältnisse stellen auch
916 4498 5146 4719 die hörbar faßlichsten dar, nämlich den Gegensatz von Höhe und
902 4706 5148 4899 Tiefe am gleichartigen und um deswillen auch gleichnamigen Ton¬
923 4938 5148 5122 element (am Octavton). Die Töne, welche das Intervall der
902 5101 5148 5304 Octave begrenzen (das sind in Beziehung auf die diatonische Scala:
925 5332 5109 5550 die Prime und Octave, sei es nun auf- oder absteigend) sind es,
917 5506 5126 5738 welche im Zusammenklang so in einander fließen, daß das musi¬
898 5708 5145 5966 kalische Ohr in Versuchung geräth, das Dasein zweier zugleich
925 5935 5145 6119 klingenden Töne zu leugnen. Wie demnach an der schwingenden
910 6132 5150 6337 Länge durch deren einfache Theilung oder Vervielfältigung das
912 6329 5169 6523 Bild der Symmetrie für das Auge entsteht, so nimmt das Ohr
923 6527 5132 6740 durch die Octavenharmonie das Tonbild des einfachsten Gegen¬
957 6721 5113 6971 satzes, nämlich der Höhe und Tiefe am gleichartigen Tönenden,
916 6926 5146 7131 wahr, und damit zugleich das Bild der nächsten Tonverwandt¬
970 7118 5153 7365 schaft — nämlich der Verwendung oder, wenn man will: der
916 7323 5162 7528 Verpflanzung eines und desselben Tonelementes in verschiedene
923 7559 2766 7797 Regionen des Tonumfangs.
1242 7739 5130 8023 Die nächste mehrfache Theilung und Vervielfachung durch 3
