5704 9204
2723 517 2997 782 30
763 852 4947 1144 Mathematik entgegengesetzte Größen und in der Philosophie ent¬
785 1107 4958 1342 gegengesetzte Begriffe bezeichnet werden, obwohl dem Wortsinne
794 1352 4967 1548 gemäß dem Positiven das Oppositive und dem Negativen das Af¬
805 1532 4958 1759 firmative entgegen zu stellen wäre. In Beziehung auf die bereits
764 1734 4958 1958 erhaltene wissenschaftliche Bedeutung erscheinen mir jene Ausdrücke
777 1958 4955 2176 gerade geeignet, um die Lage der Accordbestandtheile im Tonraum
782 2136 4953 2397 vom Grundton aus zu bezeichnen, um die Beziehung derselben zur
750 2323 4943 2557 auf- und absteigenden Reihe, mithin auch um die Richtung anzu¬
748 2573 4947 2766 geben, nach welcher die Accordbildung erfolgt. Diesen Ausdrücken
760 2748 4954 2985 gemäß entspricht denn auch für die vorher betrachteten Accorde
757 2955 4930 3154 c e g und f as c, deren gemeinschaftlicher Grundton c ist, die Be¬
764 3133 4916 3371 zeichnung +c5 und -c5 oder kürzer und analog der Bezeich¬
759 3333 4936 3537 nung der Quintenaccorde mittelst des Generalbasses (bezifferten
737 3520 4953 3758 Basses) +c5 und -c5 desgleichen für den von dem nämlichen
776 3744 4943 3979 Grundton aus zu bildenden positiven Septimenaccord c e g b und
747 3944 4894 4167 den negativen d f as c (von denen in der Folge gehandelt wird)
775 4111 2848 4332 die Bezeichnung +c7 und -c7.
1067 4328 4901 4568 Haben wir hiermit in Betreff der entgegengesetzten, ungleich¬
729 4529 4923 4723 artigen consonirenden Accorde als äußerlich wahrnehmbare Eigen¬
778 4745 4935 4960 schaften die entgegengesetzte Lage der Intervalltöne zum Grundton
730 4980 4907 5163 erkannt, so gehen wir nun dazu über, die so zu sagen inneren Bezie¬
763 5127 4921 5352 hungen der Accordbestandtheile aufzufinden, welche wir als wichtige
753 5331 4926 5591 Ursachen verschiedenartiger musikalischer Eindrücke (z. B. der Abge¬
775 5539 4937 5780 schlossenheit der consonirenden Accorde u. a.) erkennen. Solche innere
758 5748 4930 5981 Beziehungen erkennen wir, wenn schon sie uns die Tonwirkungen
736 5975 4924 6172 erklären, gleichwohl nicht am Tönenden selbst — weder in dem Zu¬
786 6137 4917 6373 sammenklang, noch in der Klangfolge —, sondern in dem Gesetze,
749 6336 4916 6551 nach welchem die, den Reihen der harmonischen Töne entsprechen¬
750 6548 4937 6763 den Zahlenreihen erfolgen. Und zwar erforschen wir in Rücksicht
738 6718 4931 6976 auf die zuerst gefundenen, aus den aliquoten Theilen eines schwin¬
770 6927 4921 7178 genden Körpers (der Saite oder Luftsäule) hervorgehenden höhe¬
738 7172 4926 7420 ren harmonischen Töne, zunächst die Entstehung der Glieder der
724 7356 4955 7612 aufsteigenden Zahlenreihe, deren Werth, als schwingende Längen
777 7549 4939 7778 gedacht, die Bestandtheile des positiven Quintenaccordes erzeu¬
736 7727 1709 8037 gen, nämlich:
