5704 9166
2730 546 2950 911 19
789 936 4906 1184 strichenen Octave erwarten sollte, verliert das frühere Resultat,
763 1192 4942 1404 nach welchem die 2-, 4-, 8- 2c. fache Vibrationsmenge höhere
763 1362 4915 1544 Octavtöne erzeugt, im Grunde nichts von seiner Gültigkeit, indem
753 1549 4932 1725 dadurch nur erwiesen wird, daß das Intervall c b der dreigestri¬
764 1744 4926 1976 chenen Octave bei den Zahlen 16 und 29 uns schärfer begrenzt
754 1951 4937 2143 erscheint, demnach in seiner dissonirenden Natur bestimmter in's
756 2149 4929 2371 Ohr fällt, als c ais bei 16 und 28; daß mithin die Töne bei 14
752 2356 4910 2574 und 7 ein wenig tiefer als das b bei 29, aber deshalb nicht auch
784 2579 4936 2779 tiefer, als als bei 28 sind, wie es sich denn auch nicht nur an der
752 2759 4905 2997 transversalschwingenden Saite des Monochords, sondern auch
748 2973 4921 3212 an der longitudinalschwingenden Luftsäule des Hornes und der
753 3138 4910 3342 Trompete ohne Ventile, für die Töne c und b bei 4 und 7 erwei¬
800 3357 4916 3564 sen läßt. Und wenn wir die feineren Unterschiede bei den höheren
765 3538 4929 3801 Tönen überhaupt gelten lassen, so geht aus dem Vergleich der
740 3763 4940 4002 Töne bei 11 und 22 hervor, daß f bei 11 zu hoch, desgleichen aus
752 3953 4920 4167 dem Vergleich der Töne bei 13 und 26, daß a bei 13 zu tief ist.
772 4162 4915 4394 Ueber die Annahme des Einen oder Anderen bei dem Zusammen¬
774 4349 4912 4619 stimmen von Tönen ist an dieser Stelle noch nicht zu entscheiden
758 4556 1594 4776 nothwendig.
1093 4730 4910 4977 Gleich große, aber nach der Richtung im Tonraume entge¬
796 4981 4913 5199 gengesetzte (d. h. nach der Tiefe hin liegende) Intervalle erhal¬
756 5183 4915 5403 ten wir durch das umgekehrte Verfahren, indem wir nämlich einen
744 5361 4914 5580 Theil der schwingenden Saite, z. B. $$MATH = 1 setzen, den daraus
762 5558 4911 5797 hervorgehenden Ton zum Grundton annehmen und durch allmä¬
782 5775 4920 5997 lige Vervielfältigung dieses Theiles zu immer größeren Schwin¬
756 5965 4914 6194 gungslängen und immer tieferen Tönen gelangen, bis wir endlich
749 6169 4923 6374 die ganze Länge und den aus ihr hervorgehenden tiefsten Ton
747 6408 4921 6602 erreichen, der demnach in diesem Falle nicht der Grundton, sondern
734 6557 4296 6762 der Intervallton des größten und tiefsten Intervalles ist.
1067 6749 4925 7003 Wird in Uebereinstimmung mit der vorstehenden Tabelle der
757 6977 4921 7225 aus 12 der ursprünglichen ganzen Länge hervorgehende Ton c der
745 7189 4909 7430 viergestrichenen Octave gleich 1 gesetzt, d. h. zum Grundton ange¬
766 7372 4908 7581 nommen, so ergiebt sich aus der allmäligen Vergrößerung dieser
742 7572 3641 7821 neuen Einheit folgende absteigende Tonreihe:
