5704 9204
2820 472 3114 879 4
870 925 5014 1325 gebildeten Kunstfreunden reichen Stoff zu weiterem Nachdenken
830 1250 5029 1542 darbieten und vor Allem dazu hinreichen werde, ein mehr als
825 1603 4995 1864 vorübergehendes Interesse für meine Lehre zu wecken, nach
846 1883 4999 2164 welcher, wie aus dem beregten größeren Werke später ersehen
831 2148 5010 2376 werden wird, der bisher sehr weitschichtige und zum Theil
850 2426 5024 2695 immer noch nicht genug geordnete Stoff der Compositionslehre
851 2696 5020 2973 bedeutend vermindert und, obwohl in vielen Theoremen kürzer
839 2976 5024 3277 und bestimmter erfaßt, dennoch mannichfach vervollständigt
837 3272 5011 3559 und es möglich wird, die bis jetzt bekanntlich immer noch
848 3547 5017 3867 mangelnde Begründung der Gesetze und Regeln der Musik zu
836 3825 1570 4124 gewinnen.
1204 4082 4993 4378 Den accordlichen Gegensatz gründe ich auf den Gegen¬
849 4396 5014 4670 satz der Töne, von welchen aus die Accordbildung erfolgt, und
846 4649 4988 4914 den Gegensatz der Töne oder den sogenannten tonischen Ge¬
839 4924 5012 5205 gensatz auf den der Größen- und Schwingungsverhältnisse der
819 5210 4973 5489 Körper, deren Vibrationen den Impuls zur Tonerzeugung
844 5534 5008 5778 geben. Dadurch gewinne ich einen festen Anhaltpunct zwischen
817 5771 5006 6126 dem Hörbaren und Sichtbaren, somit zwischen der Musik und
826 6021 2588 6364 der Außenwelt überhaupt.
1195 6351 5006 6614 Dem Entwickelungsgang aller Wissenschaft zufolge habe
830 6616 5013 6912 ich bei der Darlegung meiner Forschungen über die Gesetze
819 6870 4972 7170 der Musik, soweit es die engen Grenzen dieser Abhandlung
866 7169 5023 7465 zuließen, den praktisch-theoretischen und damit zugleich den
821 7406 5015 7733 analytisch-synthetischen Weg einzuschlagen versucht und weiche
831 7737 5005 8091 darin von denjenigen Theoretikern ab, welche sich damit be¬
