5704 9091
2899 489 3179 834 62
977 795 5100 1162 Scala repräsentirten negativen Accorde von gleich befriedigendem
975 1135 3654 1344 Eindruck, wie die Folge der positiven wäre.
1264 1327 5116 1544 Was den ersten Punct anlangt, so ist, wenn wir auf die
982 1491 5084 1736 Entwickelung der negativen Scala hinblicken, dessen völlige Erle¬
955 1714 5082 1952 digung zu erwarten. In Betreff des zweiten Punctes müssen schon
973 1910 5065 2175 in sofern Modificationen eintreten, als der Eindruck der Mollac¬
952 2136 5048 2346 corde im Vergleich zu dem der Duraccorde — wenn schon an sich,
979 2297 5070 2530 so noch vielmehr in ihrer Aufeinanderfolge — ein wesentlich ver¬
981 2510 5057 2741 schiedener ist, auf dessen Ursachen denn auch früher bei Entwicke¬
969 2731 4341 2915 lung des accordlichen Gegensatzes hingewiesen wurde.
1280 2895 5076 3093 Um nun consequent mit dem Vorhergehenden die bezügli¬
955 3123 5072 3338 chen Accorde der negativen Scala im directen Gegensatz zu denen
939 3307 5056 3558 der positiven Scala darzustellen, ist es nöthig, daß die Verbindung
944 3536 5072 3750 von Accorden, deren Repräsentanten die Töne der positiven Scala
978 3720 5059 3935 sind, unabhängig von den einzelnen Tönen c d e f u. s. w. in all¬
949 3933 5076 4147 gemeinen Formeln dargestellt werden. Eine solche Darstellung ist
942 4108 5074 4347 in Beziehung auf die Accorde der aufsteigenden positiven Scala
965 4316 5056 4525 (das sind, im Hinblick auf vorhergehende Ergebnisse, die Accorde,
942 4501 5049 4736 welche der Anfangs- und Schlußformel angehören) schon bekannt.
943 4703 2882 4970 Es entspricht der zur Tonreihe
2444 4893 3630 5143 c d e f g a h c
935 5062 2752 5324 gehörigen Accordverbindung
1538 5287 4477 5522 +c +g +c +f +c +f6 +g7 +c
942 5474 2418 5737 die allgemeine Formel:
1375 5711 4696 5910 +I +V +I +IV +I +IV6 +V7 +I,
910 5845 3022 6105 wie auch ferner der zur Tonreihe
2428 6060 3607 6311 c h a g f e d c
920 6249 2716 6522 gehörigen Accordverbindung
1534 6470 4452 6698 +c +g -e -h +f +c +g7 +c
943 6627 2444 6866 die allgemeine Formel:
1028 6860 5028 7092 +I +V -(+III) -(+VII) +IV +I +V7 +I.
1251 7058 5036 7282 Es ist wohl, wie oben, so auch hier, ohne Weiteres einleuch¬
939 7257 5072 7487 tend, daß bei der Verwandlung der negativen Accorde in die all¬
956 7445 5062 7696 gemeinen Ausdrücke die doppelten Zeichen nöthig werden, nämlich
944 7651 5057 7917 das Zeichen +, um anzuzeigen, daß der Grundton des Accordes
