5704 9429
2663 541 2913 868 69
653 957 4928 1205 positive Accorde modificirt ist, wie sich aus dem folgenden Schema
625 1187 1184 1436 ergiebt:
945 3194 4928 3472 Wenn schon diese harmonische Begründung der sogenannten
645 3469 4899 3682 aufsteigenden F-moll-Scala als die nächst liegende erscheint, weil
661 3644 4915 3905 sie sich auf den accordlichen Gegensatz gründet, so ist sie gleich¬
625 3837 4900 4096 wohl darum nicht befriedigend, weil der Grundaccord dieses Ge¬
655 4079 4903 4340 gensatzes ein negativer ist und als solcher die an sich bekanntlich
656 4273 4926 4497 unbefriedigende Folge von negativen Accorden hervorruft, die nur
637 4489 4901 4707 zum Theil durch positive ersetzt worden sind. So der zweite, sechste
631 4674 4927 4924 und siebente Accord der vorstehenden Verbindung. Soll hier ein
626 4898 4927 5126 befriedigender Eindruck erzielt werden, so sind vor Allem die
611 5075 4918 5345 Accorde zu bestimmen, welche mit Beziehung auf die aufsteigende
624 5322 3799 5549 F-moll-Scala eine Substitution erleiden können.
925 5672 4903 5922 Mit Rücksicht darauf, daß die drei ersten Accorde der vor¬
651 5904 4900 6140 stehenden Verbindung, auf welche die aufsteigende Mollscala be¬
627 6129 4897 6336 zogen und wodurch ihre Faßlichkeit erklärt wird, einen accordli¬
623 6335 4882 6546 chen Gegensatz abschließen, kann das vierte Glied der Tonreihe,
653 6506 4880 6718 sofern es nicht auf den Accord -f bezogen wird, als Bestand¬
631 6715 4884 6923 theil eines positiven Accordes gedacht werden, der eine neue Ver¬
630 6936 4867 7175 bindung eingeht. Denn wenn der vierte Accord keine Substitu¬
626 7133 4880 7380 tion erleiden sollte, so wäre sie auch für den fünften nicht zu¬
613 7340 4894 7584 lässig, weil dann der zweite Gegensatz, der mit dem dritten
621 7523 4860 7801 Gliede beginnt, mit welchem auch der erste abschließt, aufge¬
615 7756 4880 8024 hoben werden würde, wie aus dem folgenden Schema zu erse¬
620 7960 1180 8238 hen ist:
