5704 9079
2705 536 2989 793 25
782 890 4880 1125 so ist der aus ½ dieser Länge gewonnene Ton das g der zweigestri¬
766 1132 4894 1327 chenen Octave. Es entspricht demnach das vorhergehende Zahlen¬
763 1336 3380 1527 verhältniß dem folgenden Tonverhältniß:
2625 1482 3044 1763 c} : g}}.
765 1690 4874 2014 Der aus $$MATH Länge gewonnene Ton kann durch die Verdoppelung
773 1939 2712 2190 derselben, also durch $$MATH in die tiefere Octave ver¬
772 2167 4886 2362 pflanzt, und eben dadurch dem Grundton möglichst genähert wer¬
782 2313 4910 2529 den. Somit erhalten wir aus dem vorstehenden Zahlenverhältniß
781 2520 1927 2772 das nachfolgende:
2582 2684 3073 2953 1 : ⅔
818 2898 4880 3144 für das Verhältniß der schon bekannten gleichnamigen, aber rück¬
807 3108 4488 3369 sichtlich des Tonraums einander näher liegenden Elemente:
2633 3415 3074 3578 c} : g}.
1118 3482 4923 3787 In eine noch tiefere Octave dürfte der höhere Ton g} nicht
762 3705 4927 3986 verpflanzt werden, weil aus der Verdoppelung von ⅔, daher aus
768 3932 4912 4192 der Länge von $$MATH, welche größer als 1, d. i. die Länge
790 4158 4914 4387 des Grundtons c} wäre, ein Ton hervorginge, der tiefer, als der
787 4328 4915 4564 Grundton sein und folglich der absteigenden Reihe angehören
775 4566 3480 4774 würde, von welcher hier nicht die Rede ist.
1078 4712 4873 5030 Das nächste Glied der aufsteigenden Reihe, nämlich $$MATH Länge,
785 4980 4924 5185 woraus das neue Element e, und zwar nach der Tabelle für die
778 5238 4917 5409 aufsteigende Tonreihe, in der nächst höheren Octave gewonnen
788 5356 4938 5654 wird, kann durch zweifache Verdoppelung dem Grundton um 2
778 5568 2454 5837 Octaven genähert werden.
1114 5693 3700 6077 Entspricht demnach das Zahlenverhältniß
2650 5969 3126 6282 $$MATH
766 6049 2032 6475 dem Tonverhältniß
2613 6461 3090 6662 c} : e}}},
808 6587 4926 6827 so entsteht nach dem Gesetze der Octavtöne durch zweifache Verdop¬
779 6837 4909 7089 pelung der Länge 1, nämlich durch $$MATH
820 7016 3473 7300 $$MATH das Zahlenverhältniß
2659 7214 3116 7442 $$MATH
821 7380 4934 7641 für das Verhältniß der schon bekannten gleichnamigen, aber ein¬
764 7591 2276 7900 ander genäherten Töne c} : e.
