5704 9154
2836 509 3143 804 22
901 858 5084 1111 Dem Ton c = 1 steht bei 12 nach der Höhe d. Ton g, nach der Tiefe d. Ton f entgegen
972 1096 4927 1303 „ „ c = 1 „ „ 13 „ „ „ „ „ a „ „ „ „ „ es „
984 1285 4929 1516 „ „ c = 1 „ „ 14 „ „ „ „ „ b „ „ „ „ „ d „
992 1363 4958 1605 „ „ c = 1 „ „ 15 „ „ „ „ „ h „ „ „ „ „ des „
979 1579 4935 1746 „ „ c = 1 „ „ 16 „ „ „ „ „ c „ „ „ „ „ c „
984 1706 4929 1945 „ „ c = 1 „ „ 17 „ „ „ „ „ cis „ „ „ „ „ ces „
978 1902 4939 2128 „ „ c = 1 „ „ 18 „ „ „ „ „ d „ „ „ „ „ b „
992 2076 4943 2304 „ „ c = 1 „ „ 19 „ „ „ „ „ dis „ „ „ „ „ a „
976 2248 4947 2402 „ „ c = 1 „ „ 20 „ „ „ „ „ e „ „ „ „ „ as „
974 2378 4951 2577 „ „ c = 1 „ „ 21 „ „ „ „ „ f „ „ „ „ „ g „
965 2513 4931 2736 „ „ c = 1 „ „ 22 „ „ „ „ „ fis „ „ „ „ „ ges „
994 2692 4929 2942 „ „ c = 1 „ „ 23 „ „ „ „ „ ges „ „ „ „ „ fis „
990 2905 4926 3120 „ „ c = 1 „ „ 24 „ „ „ „ „ g „ „ „ „ „ f „
1008 2956 4916 3176 „ „ c = 1 „ „ 25 „ „ „ „ „ gis „ „ „ „ „ fes „
981 3176 4921 3352 „ „ c = 1 „ „ 26 „ „ „ „ „ as „ „ „ „ „ e „
974 3316 4945 3508 „ „ c = 1 „ „ 27 „ „ „ „ „ a „ „ „ „ „ es „
959 3482 4946 3740 „ „ c = 1 „ „ 28 „ „ „ „ „ ais „ „ „ „ „ dis „
981 3651 4947 3913 „ „ c = 1 „ „ 29 „ „ „ „ „ b „ „ „ „ „ d „
1000 3810 4940 3994 „ „ c = 1 „ „ 30 „ „ „ „ „ h „ „ „ „ „ des „
1002 3975 4936 4156 „ „ c = 1 „ „ 31 „ „ „ „ „ ces „ „ „ „ „ cis „
1065 4126 4958 4331 „ „ c = 1 „ „ 32 „ „ „ „ „ c „ „ „ „ „ c „
1211 4276 5062 4519 Indem wir nun von den vorstehenden entgegengesetzten Ton¬
902 4514 5079 4721 reihen die gleichnamigen oder Octavtöne ausscheiden, so erhalten
901 4721 5058 4902 wir als ungleichnamige entgegengesetzte Töne diejenigen, welche
909 4913 5066 5158 aus der Reihe der ungeraden Zahlen entstehen, nämlich aus
907 5082 1617 5358 der Reihe
2315 5268 3615 5538 1 3 5 7 9 11 13,
880 5471 4291 5699 der, nach vorstehender Tabelle aufwärts die Tonreihe
2449 5711 3557 5968 c g e b d f a,
898 5877 2928 6208 hingegen abwärts die Tonreihe
2454 6082 3619 6335 c f as d b g es
894 6223 1584 6572 entspricht.
1206 6476 5084 6734 Bei der Darstellung der vorstehenden Tonreihen wurde der
923 6664 5070 6928 Grundton für die aufsteigende in der Tiefe (nämlich in dem Tone
895 6924 5053 7135 c der großen Octave), für die absteigende in der Höhe (und zwar
906 7116 5048 7315 in dem gleichnamigen Ton der viergestrichenen Octave) angenom¬
913 7316 5081 7508 men. Aber weder die eine, noch die andere Tonlage ist für den
911 7523 5058 7756 Grundton zu wählen, wenn der tonische Gegensatz entwickelt wer¬
883 7736 5076 7996 den soll. Dies kann nicht anders, als dadurch geschehen, daß man
