5704 9150
2723 505 3020 899 37
1070 854 4925 1212 Von den hier abgegrenzten Dreiklängen sind die Accorde c e
757 1184 4944 1400 g und f a c positive Quintenaccorde (Dur-Dreiklänge), weil sie aus
754 1391 4935 1655 Prime (oder Grundton), positiver Terz und positiver Quinte be¬
791 1574 4926 1804 stehen; der aus Prime, negativer Terz und negativer Quinte be¬
800 1767 4929 2027 stehende Accord d f a ist ein negativer Quintenaccord (Moll-Drei¬
768 1980 4908 2225 klang). Aber der außerdem hier noch zu betrachtende Dreiklang
771 2191 4725 2455 e g b ist weder ein positiver, noch ein negativer Quintenaccord
767 2379 4934 2631 weder ein Dur- noch ein Moll-Dreiklang —, sondern ein soge¬
755 2586 4911 2867 nannter verminderter Dreiklang, dessen schon früher Erwähnung
778 2779 1311 3015 geschah.
1085 2851 4935 3184 Nach den bisher aufgestellten Bestimmungen können wir
750 3222 4953 3420 diesen letzten Accord nicht anders, als einen rein harmonischen
763 3368 4915 3609 bezeichnen, weil sämmtliche in Terzengestalt gruppirten Bestand¬
788 3570 4950 3815 theile desselben im positiven Septimenaccord enthalten sind; aber
779 3813 4895 4016 als einen Grundaccord können wir ihn, unserem Systeme zufolge,
767 3990 4944 4236 nicht aufstellen, weil seine Bestandtheile keine Quinte (sondern
763 4180 4941 4424 nur eine sogenannte verminderte Quinte, mithin ein ganz anderes
755 4372 4968 4580 Intervall) und keine Terz (sondern nur eine sogenannte kleine
760 4572 4957 4796 Terz, ebenfalls ein ganz anderes Intervall) begrenzen. Mangeln
775 4762 4927 5018 diesem Dreiklang demnach die Eigenschaften eines Grundaccordes
802 4987 4933 5230 (oder Stammaccordes, wie man auch sagt), so kann er nur als
780 5220 4931 5411 ein abgeleiteter, somit auf einen Grundaccord sich beziehender Zu¬
811 5373 4953 5571 sammenklang betrachtet werden, der nicht anders als in Verbin¬
775 5553 4938 5823 dung mit anderen Accorden verständlich ist, dessen Ableitung sich
794 5793 4951 6019 deshalb auch lediglich aus der Verbindung, in welcher er mit dem
796 5970 4968 6224 folgenden Accorde steht, begründen läßt. Zu dem unvollständigen
768 6183 4944 6360 Accorde selbst muß, wenn seine Beziehung zu anderen Accorden
758 6403 4951 6600 erkannt werden soll, das Fehlende (d. i. Grundton, Terz und
763 6540 3213 6785 Quinte) in Gedanken supplirt werden.
1100 6743 4929 7008 Wenn zu diesem Zwecke der Zusatz von drei neuen Bestand¬
774 6957 4930 7193 theilen erforderlich wäre, so würde der Accord ein Sechsklang und
768 7209 4909 7419 als solcher (nach einem früheren Ergebniß unserer Betrachtungen)
765 7324 4952 7548 ein unrein harmonischer Accord werden; jedoch bedarf es zur Er¬
781 7567 4953 7815 gänzung der genannten Intervalle des Zusatzes eines einzigen
770 7765 4927 8051 Tones (in dem vorliegenden Falle z. B. des Tones c), wie das
