5704 9308
2717 558 3043 807 52
738 1062 2212 1358 d. i. in Terzengestalt:
743 2108 2328 2392 mit der Anfangsformel:
733 2479 4940 2778 d. i. in Terzengestalt die obige fünfgliedrige Gruppe, folgenderma¬
742 2720 4317 2982 ßen in directen Gegensatz und vollständige Verbindung:
1019 4679 4930 4893 Diese Accordverbindung kann nun auf verschiedene Weise dem
692 4905 4940 5071 Ohre wahrnehmbar gemacht werden, je nachdem man z. B. bei der
688 5110 4922 5340 vollständigen, vierstimmigen Darstellung den einen oder anderen
706 5296 4939 5537 Bestandtheil des ersteren Accordes der Verbindung zur Oberstimme
709 5511 4921 5749 wählt, oder je nachdem man die Anzahl der Stimmen, durch welche
706 5684 4922 5931 die Accordverbindung dargestellt werden soll, vermehrt oder ver¬
701 5952 4945 6139 mindert. In Beziehung auf den zuerst angenommenen Fall zeigt
692 6090 4925 6304 das Beispiel 15 bei a den Bestandtheil c, bei b den Bestandtheil
683 6324 4947 6601 e, bei c den Bestandtheil g des ersten Accordes der vorstehenden
689 6470 2795 6796 Verbindung in der Oberstimme:
