5704 9041
2765 413 3025 777 23
1029 740 4956 1110 gleichwie bei der Darstellung entgegengesetzter Richtungen von
855 1060 4975 1303 einem Puncte — so bei der Darstellung der entgegengesetzten Töne
852 1252 4979 1481 und Tonreihen, nicht blos von einem gleichnamigen, sondern von
833 1429 4950 1669 einem und demselben Tone ausgeht, ihn als Anfangston nimmt,
836 1614 4958 1841 auf welchen sich alle höheren und tieferen Töne zunächst beziehen,
851 1839 4983 2055 von welchem aus sowohl die Intervalle der aufsteigenden, als die
868 2040 4995 2257 der absteigenden Tonreihe gemessen und mit welchem die höheren
864 2237 5011 2450 und tieferen Töne selbst verglichen werden, — ein Ton, der so zu
878 2405 4996 2672 sagen die innere Grenze, der gemeinsame und verwandte Ton aller
867 2615 4995 2864 einstimmigen (d. i. nach einer Richtung des Tonumfangs), wie
867 2854 4978 3039 auch entgegengesetzten (d. i. nach verschiedenen Richtungen hin lie¬
880 3020 4996 3248 genden), sowohl der größten (d. i. die Grenzen des Tonumfangs
887 3210 4952 3451 erreichenden) als auch kleinsten (d. i. dem Einklang sich nahenden)
879 3440 4991 3654 Intervalle ist, den wir mithin als den tiefsten Ton aller aufwärts
874 3592 5006 3849 gebildeten und als den höchsten aller abwärts gebildeten Intervalle
876 3812 5017 4039 zu betrachten haben. Einen solchen Ton nennen wir den Grundton
882 3998 2020 4249 unseres Systems.
1199 4205 4982 4425 Mit den hier ausgesprochenen Eigenschaften desselben ist auch
902 4389 5008 4637 schon seine Lage im Allgemeinen bestimmt. Denn soll vom Grund¬
878 4607 4979 4849 ton aus das Höhere und Tiefere im Tongebiete erkannt werden,
907 4805 4981 5036 so kann er selbst weder in der Höhe noch in der Tiefe liegend ge¬
903 5000 4979 5219 dacht werden. Und im Hinblick auf die aus den vorstehenden Ta¬
924 5220 4993 5431 bellen sich ergebende Größe der Intervalle, wie auch auf den Ton¬
909 5404 5009 5604 umfang, innerhalb dessen wir Töne und Tonunterschiede deutlich
907 5601 4951 5801 wahrzunehmen vermögen, dürfen wir den Grundton weder so tief,
916 5760 5012 6016 noch so hoch annehmen, als es bei der Darstellung der entgegen¬
921 5980 5012 6215 gesetzten Tonreihen geschehen ist. Denn wenn wir die entgegen¬
908 6213 5029 6424 gesetzten Reihen von einem und demselben Grundtone aus bilden
912 6371 5003 6621 wollten, so könnten wir von solcher Tiefe aus nicht eben so tiefe,
898 6580 5024 6805 als hohe, und von solcher Höhe aus nicht eben so hohe, als tiefe
912 6777 5038 6974 Töne zu Gehör bringen. Der Grundton für die entgegengesetzten
921 6957 5048 7183 Intervalle wird demnach in der Mitte des von uns zu erfassenden
916 7159 2857 7413 Tonumfangs anzunehmen sein.
1206 7355 5051 7564 Aber auch dann noch würden wir bei der Entwickelung der
900 7557 5021 7818 Tonreihen die Größe unseres gewöhnlich auf 10 Octaven geschätz¬
