5704 9208
2665 477 2958 813 57
1013 2157 4880 2387 Aus diesem Beispiel ergiebt sich genugsam, daß die Tonfolge,
699 2343 4918 2563 welche, als einstimmiger Satz betrachtet, gut ist, es nicht auch in
683 2560 4922 2769 Beziehung auf 2, 3, 4 u. s. w. Stimmen sein kann, wenn die, der
681 2770 4895 2990 Melodie des einstimmigen Satzes zum Grunde liegend gedachte
677 2941 4450 3188 Accordverbindung die nämliche bleibt, wie im Beispiel 18:
1015 3884 4893 4161 Es leuchtet hiernach ein, daß die Harmonisirung der positiven
707 4123 4878 4348 Scala oder sogenannten Durtonleiter auf den Grund der vorste¬
701 4344 4883 4538 henden Accordfolge, obwohl sie daraus hervorgegangen ist, etwas
699 4508 4892 4743 Gezwungenes und eben deshalb Unbefriedigendes hat. Denn
703 4730 4906 4914 wäre es anders, so würde auch unbestreitbar der charakteristische
715 4935 4897 5189 Unterschied der ein-, zwei-, drei-, vierstimmigen und mehrstimmigen
680 5134 4888 5349 Darstellung einer und derselben Accordverbindung, sogar der Un¬
693 5324 4886 5597 terschied des ein-, zwei-, drei-, vierstimmigen und mehrstimmigen
719 5528 4886 5737 Satzes überhaupt wegfallen. Daß derselbe aber und worin er be¬
733 5740 4884 5946 steht, ist rücksichtlich der Darstellung des accordlichen Gegensatzes
718 5938 4884 6142 in dem Beispiel 15 und 16 angedeutet worden. Eine vollständige
716 6127 4866 6342 Erörterung des Gegenstandes kann an dieser Stelle nicht erwartet
687 6318 4869 6512 werden, wo der Zweck nur dahin geht, die Faßlichkeit der diatoni¬
710 6531 4882 6762 schen Leiter zu erklären, und zwar zunächst der aufsteigenden positi¬
683 6721 4881 6965 ven Scala, die bis jetzt von den musikalischen Theoretikern immer
690 6921 4868 7169 noch als etwas unmittelbar Gegebenes, nicht weiter zu Erklären¬
690 7135 4888 7351 des hingestellt und auf welche dessen ungeachtet Vieles gestützt
681 7333 4879 7548 worden ist, was in der Harmonielehre als Vorschrift, Regel, Ge¬
714 7519 1263 7767 setz gilt.
987 7770 4887 7990 Wir haben bei der Betrachtung der harmonischen Elemente
