5704 9237
2893 556 3037 804 5
877 979 5020 1278 gnügen, in ihren Lehrbüchern über Harmonie und Composition
851 1225 5043 1546 nur fertige Resultate zu geben, ohne zu zeigen, wie sie erlangt
865 1585 4892 1841 werden, und damit zugleich ihre Gültigkeit in Frage stellen.
1231 1830 5014 2138 Dem gemäß beginne ich die nachstehende Abhandlung
845 2085 5037 2399 nicht mit den Erklärungen von Ton, Intervall, Accord und
882 2360 5059 2692 setze bei alle dem nicht, wie es seither geschehen, etwas, das
857 2737 5027 2952 aus diesen Erklärungen nothwendig klar hervorgehen mußte,
863 2946 5055 3260 die Scala nämlich, als etwas im Grunde sich von selbst Ver¬
888 3206 5065 3548 stehendes, an sich Faßliches, nicht weiter zu Begründendes
854 3507 5062 3814 voraus, sondern leite den denkenden Kunstfreund, indem ich
881 3787 5041 4054 meine Betrachtungen von Zusammenklängen ausgehen lasse,
866 4060 5064 4340 die ihrer Wirkung nach bekannt sind, zu deren Grundbestand¬
876 4381 5068 4612 theilen und von da weiter fort zum tönenden Princip. Von
881 4630 5082 4914 diesem aus gelange ich zu einer nicht nur neuen, sondern auch
906 4975 5055 5185 philosophisch festeren Bestimmung der musikalischen Grund¬
893 5175 5079 5439 accorde, als diejenige ist, welche man bis jetzt gewonnen hat.
922 5493 5109 5765 In Folge dessen gelange ich zur Entwickelung des accordlichen
910 5755 5070 6043 Gegensatzes und mit Hülfe dieser neuen Lehre zur Begründung
879 6026 5134 6325 der Scala, als der einstimmigen Darstellung der Verbindung
954 6305 4858 6597 zunächst auf einander bezüglicher entgegengesetzter Accorde.
1288 6541 5112 6947 Die Lehre vom accordlichen Gegensatz erweist sich aber
921 6860 5086 7147 nicht nur höchst wichtig in Beziehung auf die Begründung
911 7127 5103 7462 der Scala, von welcher man bekanntlich viele musikalische
889 7442 5086 7689 Theoreme ableitet, sondern auch und vor Allem auf die Be¬
916 7707 5097 8010 gründung der musikalischen, insbesondere modulatorischen Form,
