5704 9395
2911 534 3129 834 74
906 907 5096 1199 wohl ermessen, daß die in dem Vorhergehenden aufgestellte neue
905 1151 5106 1420 Lehre von dem accordlichen Gegensatz in ihren Folgerungen, na¬
918 1358 5109 1563 mentlich für die Begründung vieler praktischen Regeln der Com¬
924 1558 3994 1786 positionslehre, ebenso reichhaltig als wichtig sei.
1228 1769 5089 1997 Rücksichtlich der Harmonie führt diese Lehre zur Darstel¬
898 1976 5103 2212 lung von Accordverbindungen in allgemeinen Formeln, aus wel¬
900 2195 5107 2408 chen sich allgemein gültige modulatorische Grundformen für den
882 2373 5082 2609 Bau des Tonsatzes als unumgänglich nothwendig nachweisen las¬
917 2580 5092 2830 sen. Rücksichtlich der Melodie, deren einfachste Form (die
904 2785 5106 3027 Scala) wir in dem Vorhergehenden durch die Beziehung auf die
914 2951 5095 3181 Verbindung der entgegengesetzten Accorde begründet und deren
922 3181 5098 3420 Faßlichkeit wir erklärt haben, führt diese Lehre zu den Begriffen
883 3421 5106 3630 vom directen und modificirten melodischen Gegensatz; sie zeigt die
902 3572 5088 3830 Unausführbarkeit des ersteren und gesteht dem letzteren volle Be¬
891 3800 5087 3995 rechtigung zu, und zwar nicht nur in Combinationen des einfa¬
909 3946 5099 4199 chen, sondern auch in denen des doppelten Contrapunctes, sowohl
914 4186 5099 4380 in der strengen, als in der freien Nachahmung, namentlich im
910 4362 5075 4612 Kanon und in der Fuge; sie führt endlich zu dem wichtigen
908 4560 5089 4784 Schluß, daß ein Tonstück, in welchem keine melodischen und har¬
880 4784 5096 5025 monischen Gegensätze entwickelt werden, für uns weder im hohen
908 5004 5057 5241 Grade anziehend, noch überhaupt musikalisch werthvoll sein kann.
