5704 9129
2765 497 3052 788 27
836 762 4992 1140 Folge dessen entsteht aus dem vorstehenden das nachfolgende Zah¬
823 1105 1787 1368 lenverhältniß:
861 1482 4997 1751 für das Verhältniß der schon bekannten gleichnamigen, aber um
823 1702 3003 1971 eine Octave näher gerückten Töne
1142 2112 5020 2353 Durch die nochmalige Verpflanzung des Tones f in die nächst
836 2303 4999 2571 höhere Octave, nämlich durch die Halbirung der Länge von $$MATH,
842 2524 4985 2939 demnach durch $$MATH, welche kleiner als 1
867 2926 5015 3132 (die Länge des Grundtons) wäre, würde ein Ton entstehen, der
853 3064 5002 3310 höher als der Grundton c} sein und also der aufsteigenden Reihe
828 3301 4984 3523 angehören würde, deren Glieder wir hier nicht in Betracht ziehen.
1178 3491 4998 3719 Als nun folgendes neues Element der absteigenden Reihe
830 3706 5005 3922 erkennen wir in der dieselbe betreffenden Tabelle den Ton as, der
826 3869 4989 4130 in die nächsttiefere, d. i. in die Contra-Octave fällt, und durch
845 4073 5007 4343 zweifache Halbirung dem Grundton möglichst nahe zu bringen ist.
856 4304 5017 4528 Es entsteht in Beziehung hierauf aus dem, auf die schwingenden
829 4505 3117 4752 Längen bezogenen Zahlenverhältniß
858 4899 2300 5170 für das Tonverhältniß
839 5294 5026 5539 durch zweifache Halbirung der Länge von 5 oder $$MATH, nämlich
850 5494 5037 5771 durch $$MATH das Zahlenverhältniß
859 5877 5014 6132 für das Verhältniß der schon bekannten gleichnamigen, aber um
886 6073 3129 6400 zwei Octaven näher gerückten Töne
1221 6430 5036 6720 Stellen wir nun wiederum die den vorhergehenden Zahlen¬
846 6690 5020 6871 verhältnissen entsprechenden und dem Grundton möglichst genäher¬
847 6872 5021 7092 ten Töne ihrer Höhenlage gemäß zusammen, so erhalten wir die
859 7086 5020 7340 Bestandtheile des Moll-Dreiklangs, nämlich die Prime, Terz und
851 7290 4545 7504 Quinte der Moll-Scala vom Baßtone f in Terzengestalt:
855 7698 5011 7971 aber nicht nur der Moll-Scala vom Baßtone f, den man bis jetzt,
