5704 9150
2709 471 2982 874 21
769 830 4957 1141 dergestalt von entgegengesetzter Wirkung sind, daß die Töne der
780 1113 4926 1383 gleichnamigen Intervalle, welche nach der ersteren Tabelle zu tief
782 1306 4959 1560 waren, nach der letzteren zu hoch sind und umgekehrt, weil sie ent¬
773 1526 4966 1746 gegengesetzten Richtungen angehören. So ist z. B. der Ton d bei
785 1720 4334 1969 7 im Vergleich zu dem bei 29 ein wenig zu hoch u. s. f.
1102 1925 4968 2138 In Betreff der abweichenden Tonhöhen und Tontiefen, welche
806 2153 4916 2361 sich in beiden Tabellen bei den betreffenden größeren Zahlen finden,
802 2334 4948 2510 ist es eben so, wie oben, auch an dieser Stelle durchaus nicht noth¬
769 2573 4946 2756 wendig, über die Annahme des Einen oder Anderen zu entscheiden.
782 2714 4959 2926 Das für jetzt besonders wichtige und für spätere Untersuchungen
793 2925 4934 3179 höchst fruchtbringende Resultat der beiden Tabellen besteht darin,
783 3151 4944 3363 daß wir dadurch im Stande sind, die Töne anzugeben, welche dem
802 3337 4948 3529 bereits angenommenen Grundton e entgegenstehen, und ihn eben
787 3538 4928 3770 deshalb weiter bestimmen zum Princip von entgegengesetzten, auf
797 3713 4932 3936 einander bezüglichen Intervallen, Accorden, Accordverbindungen,
780 3900 4921 4134 Tonarten, Scalen u. s. f. Es ist damit schon viel gewonnen,
802 4112 4927 4310 denn beziehen sich auch die Bestimmungen der vorstehenden Ta¬
776 4309 4958 4527 bellen zunächst nur auf den Ton c, so lassen sie sich doch allgemeiner
784 4545 4935 4763 fassen, und auch auf andere Töne anwenden. Die dem Tone c auf¬
791 4745 4953 4953 und abwärts entgegenstehenden Töne, durch welche nach beiden
774 4935 4957 5146 Richtungen des Tonumfangs gleich große und deshalb gleichna¬
768 5105 4972 5354 mige Intervalle begrenzt werden, haben wir begreiflicher Weise bei
770 5330 4963 5538 den gleichen Zahlen der beiden Tabellen aufzusuchen, indem die
786 5523 4948 5744 denselben entsprechenden Töne gleich große Intervalle einschließen.
796 5740 4953 5943 Und wenn wir dabei von der Lage der Töne in den verschiedenen
778 5920 4960 6143 Octaven für jetzt noch absehen, so erhalten wir folgendes Er¬
786 6103 1328 6340 gebniß:
781 6254 4974 6531 Dem Ton c = 1 steht bei 2 nach der Höhe d. Ton c, nach der Tiefe d. Ton c entgegen
863 6512 4834 6729 „ „ c = 1 „ „ 3 „ „ „ „ „ g „ „ „ „ „ f „
855 6686 4831 6904 „ „ c = 1 „ „ 4 „ „ „ „ „ c „ „ „ „ „ c „
859 6802 4828 7047 „ „ c = 1 „ „ 5 „ „ „ „ „ e „ „ „ „ „ as „
867 6993 4816 7181 „ „ c = 1 „ „ 6 „ „ „ „ „ g „ „ „ „ „ f „
849 7165 4818 7362 „ „ c = 1 „ „ 7 „ „ „ „ „ b „ „ „ „ „ d „
853 7324 4839 7542 „ „ c = 1 „ „ 8 „ „ „ „ „ c „ „ „ „ „ c „
861 7517 4826 7702 „ „ c = 1 „ „ 9 „ „ „ „ „ d „ „ „ „ „ b „
860 7665 4814 7821 „ „ c = 1 „ „ 10 „ „ „ „ „ e „ „ „ „ „ as „
850 7772 4836 8072 „ „ c = 1 „ „ 11 „ „ „ „ „ f „ „ „ „ „ g „
