5704 9483
2827 476 3087 762 72
1151 794 5126 1104 Die Accordverbindung im Beispiel 32 hätte auf dreifache
816 1084 5127 1300 Weise, analog der im Beispiel 15 bei a, b und c, dargestellt
799 1328 5095 1520 werden können, es ist indessen absichtlich hier eine neue Verbin¬
799 1493 5100 1770 dungsweise gewählt worden, um einestheils die Sache nicht un¬
794 1738 5095 1941 nöthig zu erweitern, anderntheils eine neue Combination von
799 1912 2977 2192 Accordbestandtheilen darzustellen.
1130 2114 5111 2373 In dem Fortgange unserer letzten Betrachtungen haben wir
809 2345 5106 2596 die Substitution der Accorde in der Harmonie, wie auch die
815 2563 5116 2724 Substitution der Töne in der Melodie aus Gründen des accord¬
803 2722 5110 3030 lichen Zusammenhangs als zulässig, und sogar in besonderen
849 2977 5107 3196 Fällen als nothwendig erkannt, ohne jedoch die Grenzen der Sub¬
799 3187 5100 3433 stitution im Allgemeinen zu bezeichnen. Hierzu fordert ganz be¬
842 3382 5116 3617 sonders die letzt vorstehende, auf die aufsteigende Mollscala bezo¬
827 3603 5123 3806 gene Accordverbindung auf, in welcher die Anzahl der positiven
802 3816 5109 4033 Accorde die der negativen überwiegt und vornehmlich mit Rück¬
825 4011 5105 4233 sicht darauf, daß sie dennoch größere Befriedigung gewährt, als
814 4187 5131 4422 die früher aufgestellte, ebenfalls auf die aufsteigende Mollscala
830 4423 5115 4621 bezogene Verbindung, in welcher der Gegensatz der negativen Ac¬
804 4659 5111 4895 corde weniger Modificationen erleidet und die Anzahl derselben
833 4819 2915 5087 größer, als die der positiven ist.
1143 5016 3950 5305 Der befriedigende Eindruck der Accordfolge
1522 5234 4596 5533 -c +c -c +es +as +g7 +c7 -c
821 5408 5085 5684 ist folgendermaßen erklärlich: Die Accorde +c und +c7 gehö¬
806 5656 5107 5897 ren zu den Fixirungsaccorden des Tonicaaccordes -c; und zwar
837 5850 5112 6077 sind beide dessen Leitaccorde; der letztere hat sogar doppelte Leit¬
827 6093 5086 6331 kraft. Der Accord +g7 ist durch die bereits begründete Substitu¬
811 6269 5091 6498 tion des Tones d für des in der obigen melodischen Reihe hervor¬
828 6508 4937 6738 gerufen; er gehört überdies auch der modificirten Schlußformel
2292 6672 3794 6945 -c +g7 +c7 -c
801 6849 4372 7125 an, als deren Gegensatz die modificirte Anfangsformel
2630 7106 3480 7336 -c +c -c
811 7277 5108 7527 zu betrachten ist. Die Gründe der Substitution von +es (bezie¬
814 7554 5094 7757 hungsweise +es7) für -f und +as für -c sind ebenfalls
814 7717 2411 7954 oben angegeben worden.
1133 7940 3082 8220 Die in der Reihe der Accorde
