5704 9208
2832 584 3061 854 51
851 1383 5053 1568 und deren Existenz bekanntlich durch den, der ganzen Accordver¬
868 1562 5054 1807 bindung zum Grunde liegenden Accord +c (d. i. der Auflösungs¬
863 1747 5080 1964 accord des Septimenaccords +g7) erklärt wird, mit welchem
867 1973 5064 2188 denn auch die ganze Gruppe im achten Gliede zum Abschlusse
874 2188 1425 2406 gelangt.
1191 2330 5059 2587 Bevor jedoch das achte Glied noch zu erreichen ist, ist zu be¬
866 2549 5058 2781 stimmen, welches das sechste und siebente Glied sein werde; es
859 2766 5055 2996 entsteht somit in Beziehung auf die weitere Entfaltung der vorletz¬
868 2984 5044 3190 ten fünfgliedrigen Gruppe, die Frage: welche der beiden letzt vor¬
910 3198 5044 3406 stehenden zusammengesetzten Accorde, oder mit anderen Worten:
863 3407 5044 3569 welche von den erwähnten Durchdringungsarten der nicht ver¬
860 3574 5036 3767 wandten, einfachen, dem Tonicaaccord entgegenstehenden Accorde,
873 3781 5038 4085 nach dem Wiedereintritt desselben die nächste Folgeberechtigung
859 3980 1329 4225 haben.
1146 4113 5061 4414 Abgesehen von dem Erforderniß der ganzen Cadenz (d. i. in
861 4372 5048 4575 dem vorliegenden Falle die Verbindung des Dominantseptimen¬
866 4580 5058 4836 accordes mit dem Quintenaccord der Tonica) zum vollkommenen
885 4764 5066 5018 Schluß eines Tonsatzes, so würde es schon der Entwickelung des
852 4979 5060 5234 tonischen Gegensatzes gemäß sein, daß, wie bei dem Fortschritt zu
873 5208 5065 5406 den, mit dem Tonicaaccorde gleichartigen consonirenden Accorden
878 5379 5022 5630 die Richtung aufwärts nach der Dominante g zu verfolgen war,
867 5604 5058 5818 bei dem Fortschritt zu den ungleichartigen, dissonirenden Accorden
871 5789 5052 6023 die Richtung abwärts, nach der Subdominante eingeschlagen
868 5996 5043 6220 werde. Denn ohne den Verfolg dieser beiden Richtungen wäre die
867 6195 5058 6397 Darstellung des accordlichen Gegensatzes keine nach Höhe und
861 6351 5063 6627 Tiefe vollendete. Daher erscheint bei der ersten Durchdringungsart
862 6596 5058 6767 der Accorde +g und +f der letzte derselben vollständig und der
869 6813 5061 6979 erste durch den Bestandtheil d repräsentirt, dagegen erscheint bei
872 6983 5052 7218 der zweiten Durchdringungsart der erste Accord vollständig und der
869 7192 5029 7395 letzte durch den Bestandtheil f repräsentirt. So tritt als Fortsetzung
871 7375 5036 7624 der Entwickelung des accordlichen Gegensatzes in der oben aufge¬
893 7545 5027 7794 stellten fünfgliedrigen Gruppe die bereits mehrfach in Betracht ge¬
867 7798 2263 8049 zogene Schlußformel:
