<?xml version="1.0" encoding="UTF-8" standalone="yes"?>
<PcGts xmlns="http://schema.primaresearch.org/PAGE/gts/pagecontent/2013-07-15" xmlns:xsi="http://www.w3.org/2001/XMLSchema-instance" xsi:schemaLocation="http://schema.primaresearch.org/PAGE/gts/pagecontent/2013-07-15 http://schema.primaresearch.org/PAGE/gts/pagecontent/2013-07-15/pagecontent.xsd">
    <Metadata>
        <Creator>prov=University of Rostock/Institute of Mathematics/CITlab|PLANET AI GmbH/Gundram Leifert/gundram.leifert@planet-ai.de:name=ONB_Newseye_GT_M1+(htr_id=10810)::::v=2.6.7
prov=University of Rostock/Institute of Mathematics/CITlab|PLANET AI GmbH/Tobias Gruening/tobias.gruening@planet-ai.de:name=de.uros.citlab.module.baseline2polygon.B2PSeamMultiOriented:v=2.6.7
prov=University of Rostock/Institute of Mathematics/CITlab|PLANET AI GmbH/Tobias Gruening/tobias.gruening@planet-ai.de:name=/net_tf/LA73_249_0mod360.pb:de.uros.citlab.segmentation.CITlab_LA_ML:v=2.6.7
Transkribus</Creator>
        <Created>2021-09-22T14:25:23.521+02:00</Created>
        <LastChange>2021-10-11T16:26:51.292+02:00</LastChange>
        <TranskribusMetadata docId="786648" pageId="29710996" pageNr="46" tsid="66309244" status="DONE" userId="74363" imgUrl="https://files.transkribus.eu/Get?id=XDBYOTQLCPDMMYCBWDTBZOJC&amp;fileType=view" xmlUrl="https://files.transkribus.eu/Get?id=BXMUPWMAKYGGKFJQYJCYGORE" imageId="23310498"/>
    </Metadata>
    <Page imageFilename="Kraushaar1852-0046.jpg" imageWidth="5704" imageHeight="9145" type="content">
        <ReadingOrder>
            <OrderedGroup id="ro_1634213932586" caption="Regions reading order">
                <RegionRefIndexed index="0" regionRef="TextRegion_1632844038969_4013"/>
                <RegionRefIndexed index="1" regionRef="TextRegion_1632844038969_4012"/>
                <RegionRefIndexed index="3" regionRef="TextRegion_1632844033777_4004"/>
                <RegionRefIndexed index="5" regionRef="TextRegion_1632844027872_3996"/>
                <RegionRefIndexed index="7" regionRef="TextRegion_1632844020691_3988"/>
                <RegionRefIndexed index="8" regionRef="TextRegion_1632844016911_3984"/>
                <RegionRefIndexed index="10" regionRef="TextRegion_1632844012449_3976"/>
            </OrderedGroup>
        </ReadingOrder>
        <TextRegion orientation="0.0" type="page-number" id="TextRegion_1632844038969_4013" custom="readingOrder {index:0;} structure {type:page-number;}">
            <Coords points="860,673 5110,673 5110,917 860,917"/>
            <TextLine id="r1l1" custom="readingOrder {index:0;}">
                <Coords points="2825,788 2861,800 2882,795 2912,827 2933,818 2984,866 3015,862 3024,587 2998,586 2978,564 2883,608 2857,586 2831,586"/>
                <Baseline points="2850,768 2878,767 2906,767 2934,768 2962,770 2990,772"/>
                <TextEquiv>
                    <Unicode>41</Unicode>
                </TextEquiv>
            </TextLine>
            <TextEquiv>
                <Unicode>41</Unicode>
            </TextEquiv>
        </TextRegion>
        <TextRegion orientation="0.0" id="TextRegion_1632844038969_4012" custom="readingOrder {index:1;} structure {type:paragraph-continued;}">
            <Coords points="860,917 5110,917 5110,1976 860,1976"/>
            <TextLine id="r1l2" custom="readingOrder {index:0;}">
                <Coords points="846,1186 4739,1167 5014,1117 5012,925 2308,888 844,1025"/>
                <Baseline points="870,1144 1075,1138 1281,1134 1487,1129 1693,1126 1899,1122 2105,1119 2311,1116 2517,1114 2723,1112 2929,1110 3134,1110 3340,1108 3546,1106 3752,1104 3958,1102 4164,1100 4370,1098 4576,1094 4782,1092 4988,1088"/>
                <TextEquiv>
                    <Unicode>zwar so mit einander vereinigt, daß das in der Combination be¬</Unicode>
                </TextEquiv>
            </TextLine>
            <TextLine id="r1l3" custom="readingOrder {index:1;} m_chord {offset:37; length:13;}">
                <Coords points="867,1410 4906,1353 5008,1129 865,1197"/>
                <Baseline points="894,1340 1098,1336 1302,1332 1507,1329 1711,1326 1916,1322 2120,1320 2324,1318 2529,1316 2733,1314 2938,1312 3142,1310 3346,1308 3551,1307 3755,1306 3960,1304 4164,1302 4368,1300 4573,1298 4777,1296 4982,1294"/>
                <TextEquiv>
                    <Unicode>findliche Element, welches nicht zum Quintenaccord gehört (d. i.</Unicode>
                </TextEquiv>
            </TextLine>
            <TextLine id="r1l4" custom="readingOrder {index:2;} m_interval {offset:4; length:5;} m_chord {offset:39; length:7;} m_chord {offset:54; length:3;} textStyle {offset:56; length:1;fontSize:0.0; kerning:0; superscript:true;}">
                <Coords points="835,1571 4962,1543 5028,1335 833,1415"/>
                <Baseline points="860,1540 1067,1536 1274,1534 1481,1530 1688,1528 1895,1524 2102,1521 2309,1518 2516,1516 2723,1514 2931,1510 3138,1508 3345,1506 3552,1504 3759,1502 3966,1500 4173,1498 4380,1496 4587,1494 4794,1494 5002,1492"/>
                <TextEquiv>
                    <Unicode>die Sexte), demnach in der Combination f a c d (d. i. +f6) der</Unicode>
                </TextEquiv>
            </TextLine>
            <TextLine id="r1l5" custom="readingOrder {index:3;} m_note {offset:0; length:3;} m_note {offset:4; length:1;} m_chord {offset:35; length:7;} m_chord {offset:50; length:3;} textStyle {offset:52; length:1;fontSize:0.0; kerning:0; superscript:true;}">
                <Coords points="841,1753 4943,1755 5045,1567 839,1571"/>
                <Baseline points="864,1742 1071,1738 1279,1734 1487,1730 1694,1728 1902,1724 2110,1722 2317,1718 2525,1716 2733,1714 2941,1712 3148,1710 3356,1708 3564,1706 3771,1704 3979,1702 4187,1700 4394,1700 4602,1698 4810,1696 5018,1694"/>
                <TextEquiv>
                    <Unicode>Ton d, hingegen in der Combination c d f a (d. i. -a6) der</Unicode>
                </TextEquiv>
            </TextLine>
            <TextLine id="r1l6" custom="readingOrder {index:4;} m_note {offset:0; length:3;} m_note {offset:4; length:1;}">
                <Coords points="842,1992 2599,1966 2595,1784 2356,1752 1213,1850 978,1761 838,1779"/>
                <Baseline points="868,1940 953,1940 1038,1940 1123,1940 1208,1940 1293,1939 1378,1938 1463,1936 1548,1934 1633,1932 1719,1930 1804,1928 1889,1926 1974,1924 2059,1922 2144,1920 2229,1918 2314,1918 2399,1917 2484,1916 2570,1916"/>
                <TextEquiv>
                    <Unicode>Ton c, wie hier zu ersehen,</Unicode>
                </TextEquiv>
            </TextLine>
            <TextEquiv>
                <Unicode>zwar so mit einander vereinigt, daß das in der Combination be¬&#13;
findliche Element, welches nicht zum Quintenaccord gehört (d. i.&#13;
die Sexte), demnach in der Combination f a c d (d. i. +f6) der&#13;
Ton d, hingegen in der Combination c d f a (d. i. -a6) der&#13;
Ton c, wie hier zu ersehen,</Unicode>
            </TextEquiv>
        </TextRegion>
        <GraphicRegion id="Graphic_1632844077857_4023" custom="readingOrder {index:2;} structure {type:floating;}">
            <Coords points="860,1976 5110,1976 5110,2351 860,2351"/>
        </GraphicRegion>
        <TextRegion orientation="0.0" id="TextRegion_1632844033777_4004" custom="readingOrder {index:3;} structure {type:paragraph-continued;}">
            <Coords points="860,2351 5110,2351 5110,4184 860,4184"/>
            <TextLine id="r1l9" custom="readingOrder {index:0;} concept_mus {offset:53; length:9;}">
                <Coords points="844,2558 4910,2547 5052,2332 842,2422"/>
                <Baseline points="872,2542 1079,2538 1287,2534 1495,2532 1702,2528 1910,2524 2118,2522 2325,2519 2533,2516 2741,2514 2949,2510 3156,2508 3364,2506 3572,2504 3779,2500 3987,2498 4195,2496 4402,2494 4610,2492 4818,2490 5026,2488"/>
                <TextEquiv>
                    <Unicode>einen gleichartigen (nämlich in dem einen Fall einen positiven, in</Unicode>
                </TextEquiv>
            </TextLine>
            <TextLine id="r1l10" custom="readingOrder {index:1;} concept_mus {offset:17; length:9;} m_chord {offset:28; length:13;}">
                <Coords points="866,2755 4230,2761 5030,2720 5028,2569 864,2615"/>
                <Baseline points="892,2740 1097,2736 1303,2732 1508,2730 1714,2727 1919,2724 2125,2722 2330,2719 2536,2716 2741,2714 2947,2712 3152,2710 3358,2708 3563,2704 3769,2702 3974,2700 4180,2698 4385,2695 4591,2692 4796,2689 5002,2686"/>
                <TextEquiv>
                    <Unicode>dem andern einen negativen) Quintenaccord repräsentirt. Der</Unicode>
                </TextEquiv>
            </TextLine>
            <TextLine id="r1l11" custom="readingOrder {index:2;} m_note {offset:13; length:1;} m_chord {offset:31; length:6;} m_chord {offset:38; length:3;} textStyle {offset:40; length:1;fontSize:0.0; kerning:0; superscript:true;} m_chord {offset:50; length:6;} m_chord {offset:57; length:2;}">
                <Coords points="864,2953 5039,2936 5036,2723 4713,2690 862,2781"/>
                <Baseline points="888,2936 1094,2935 1300,2934 1506,2932 1713,2928 1919,2926 2125,2922 2332,2919 2538,2916 2744,2912 2951,2909 3157,2906 3363,2902 3569,2900 3776,2898 3982,2896 4188,2894 4395,2892 4601,2892 4807,2892 5014,2894"/>
                <TextEquiv>
                    <Unicode>Bestandtheil d bezieht sich im Accord +f6 auf den Accord +g</Unicode>
                </TextEquiv>
            </TextLine>
            <TextLine id="r1l12" custom="readingOrder {index:3;} concept_mus {offset:14; length:24;}">
                <Coords points="871,3180 4999,3143 4996,2940 4746,2907 869,3014"/>
                <Baseline points="896,3140 1099,3138 1303,3134 1507,3132 1711,3130 1915,3126 2119,3124 2323,3120 2527,3118 2731,3116 2935,3113 3138,3110 3342,3108 3546,3104 3750,3102 3954,3098 4158,3095 4362,3092 4566,3088 4770,3086 4974,3082"/>
                <TextEquiv>
                    <Unicode>des folgenden accordlichen Gegensatzes (d. i. die Verbindung</Unicode>
                </TextEquiv>
            </TextLine>
            <TextLine id="r1l13" custom="readingOrder {index:4;} m_chord {offset:14; length:7;} concept_mus {offset:33; length:9;}">
                <Coords points="895,3407 5058,3297 5008,3126 892,3205"/>
                <Baseline points="922,3348 1127,3342 1332,3336 1538,3330 1743,3326 1949,3322 2154,3318 2359,3314 2565,3312 2770,3308 2976,3306 3181,3304 3386,3300 3592,3298 3797,3296 4003,3294 4208,3290 4413,3288 4619,3284 4824,3282 5030,3278"/>
                <TextEquiv>
                    <Unicode>gleichartiger Accorde — hier der positiven —, welche von dem</Unicode>
                </TextEquiv>
            </TextLine>
            <TextLine id="r1l14" custom="readingOrder {index:5;} m_note {offset:0; length:8;} m_interval {offset:50; length:11;}">
                <Coords points="886,3551 5040,3526 5037,3323 884,3421"/>
                <Baseline points="912,3540 1117,3534 1322,3530 1527,3527 1732,3524 1937,3520 2142,3518 2347,3515 2552,3512 2757,3510 2963,3508 3168,3506 3373,3504 3578,3502 3783,3500 3988,3498 4193,3496 4398,3492 4603,3490 4808,3486 5014,3484"/>
                <TextEquiv>
                    <Unicode>Grundton und den ihm auf- und abwärts in gleichen Intervallen</Unicode>
                </TextEquiv>
            </TextLine>
            <TextLine id="r1l15" custom="readingOrder {index:6;} m_note {offset:18; length:5;} m_note {offset:43; length:14;}">
                <Coords points="864,3815 4949,3732 5056,3523 861,3617"/>
                <Baseline points="890,3742 1097,3738 1304,3734 1511,3730 1718,3726 1925,3722 2132,3718 2339,3715 2546,3712 2753,3709 2961,3706 3168,3703 3375,3700 3582,3698 3789,3696 3996,3694 4203,3692 4410,3690 4617,3688 4824,3686 5032,3684"/>
                <TextEquiv>
                    <Unicode>entgegengesetzten Tönen aus — hier von den Intervalltönen der</Unicode>
                </TextEquiv>
            </TextLine>
            <TextLine id="r1l16" custom="readingOrder {index:7;} m_note {offset:4; length:8;} m_note {offset:13; length:1;} m_interval {offset:48; length:7;} m_note {offset:56; length:1;}">
                <Coords points="856,3978 4474,3990 5045,3931 5043,3718 854,3812"/>
                <Baseline points="882,3938 1088,3935 1295,3932 1502,3928 1709,3926 1916,3923 2122,3920 2329,3918 2536,3914 2743,3912 2950,3910 3156,3908 3363,3906 3570,3904 3777,3901 3984,3900 4190,3898 4397,3896 4604,3894 4811,3894 5018,3892"/>
                <TextEquiv>
                    <Unicode>vom Grundton c nach beiden Richtungen liegenden Quinten g</Unicode>
                </TextEquiv>
            </TextLine>
            <TextLine id="r1l17" custom="readingOrder {index:8;} m_note {offset:4; length:1;}">
                <Coords points="871,4218 1022,4252 1649,4116 1827,4192 2352,4146 2467,4207 2601,4121 2898,4163 2895,3992 2744,3958 1954,3981 1731,4058 1533,3988 868,4036"/>
                <Baseline points="898,4142 996,4141 1095,4138 1193,4136 1292,4134 1391,4132 1489,4131 1588,4129 1686,4127 1785,4126 1884,4124 1982,4122 2081,4120 2179,4119 2278,4118 2377,4116 2475,4114 2574,4114 2672,4112 2771,4110 2870,4110"/>
                <TextEquiv>
                    <Unicode>und f aus — gebildet werden):</Unicode>
                </TextEquiv>
            </TextLine>
            <TextEquiv>
                <Unicode>einen gleichartigen (nämlich in dem einen Fall einen positiven, in&#13;
dem andern einen negativen) Quintenaccord repräsentirt. Der&#13;
Bestandtheil d bezieht sich im Accord +f6 auf den Accord +g&#13;
des folgenden accordlichen Gegensatzes (d. i. die Verbindung&#13;
gleichartiger Accorde — hier der positiven —, welche von dem&#13;
Grundton und den ihm auf- und abwärts in gleichen Intervallen&#13;
entgegengesetzten Tönen aus — hier von den Intervalltönen der&#13;
vom Grundton c nach beiden Richtungen liegenden Quinten g&#13;
und f aus — gebildet werden):</Unicode>
            </TextEquiv>
        </TextRegion>
        <GraphicRegion id="Graphic_1632844086076_4030" custom="readingOrder {index:4;} structure {type:floating;}">
            <Coords points="860,4184 5110,4184 5110,4680 860,4680"/>
        </GraphicRegion>
        <TextRegion orientation="0.0" id="TextRegion_1632844027872_3996" custom="readingOrder {index:5;} structure {type:paragraph-continued;}">
            <Coords points="860,4680 5110,4680 5110,5311 860,5311"/>
            <TextLine id="r1l26" custom="readingOrder {index:0;} m_chord {offset:34; length:8;}">
                <Coords points="894,4901 4388,4916 5078,4839 5076,4688 891,4724"/>
                <Baseline points="920,4874 1126,4870 1333,4864 1539,4861 1746,4858 1953,4854 2159,4852 2366,4850 2572,4848 2779,4846 2986,4844 3192,4841 3399,4838 3605,4836 3812,4834 4019,4831 4225,4828 4432,4824 4638,4818 4845,4814 5052,4808"/>
                <TextEquiv>
                    <Unicode>und ist somit Repräsentant dieses Accordes. Dasselbe gilt von</Unicode>
                </TextEquiv>
            </TextLine>
            <TextLine id="r1l27" custom="readingOrder {index:1;} m_note {offset:17; length:1;} m_chord {offset:23; length:8;} m_chord {offset:32; length:3;} textStyle {offset:34; length:1;fontSize:0.0; kerning:0; superscript:true;}">
                <Coords points="876,5126 5051,5120 4959,4850 874,4959"/>
                <Baseline points="900,5076 1106,5070 1312,5067 1518,5064 1725,5060 1931,5056 2137,5054 2344,5052 2550,5048 2756,5046 2963,5044 3169,5042 3375,5040 3581,5038 3788,5036 3994,5032 4200,5030 4407,5028 4613,5024 4819,5022 5026,5018"/>
                <TextEquiv>
                    <Unicode>dem Bestandtheil c des Accordes -a6, in welchem er sich auf</Unicode>
                </TextEquiv>
            </TextLine>
            <TextLine id="r1l28" custom="readingOrder {index:2;}">
                <Coords points="897,5331 1381,5381 1479,5312 1791,5360 2003,5289 2494,5396 2748,5345 2744,5106 894,5139"/>
                <Baseline points="920,5274 1010,5274 1100,5272 1190,5270 1280,5270 1370,5268 1460,5266 1550,5264 1640,5264 1730,5262 1821,5260 1911,5258 2001,5256 2091,5256 2181,5254 2271,5254 2361,5252 2451,5252 2541,5250 2631,5250 2722,5250"/>
                <TextEquiv>
                    <Unicode>den im folgenden Gegensatz:</Unicode>
                </TextEquiv>
            </TextLine>
            <TextEquiv>
                <Unicode>und ist somit Repräsentant dieses Accordes. Dasselbe gilt von&#13;
dem Bestandtheil c des Accordes -a6, in welchem er sich auf&#13;
den im folgenden Gegensatz:</Unicode>
            </TextEquiv>
        </TextRegion>
        <GraphicRegion id="Graphic_1632844114625_4037" custom="readingOrder {index:6;} structure {type:floating;}">
            <Coords points="860,5311 5110,5311 5110,5815 860,5815"/>
        </GraphicRegion>
        <TextRegion orientation="0.0" type="paragraph" id="TextRegion_1632844020691_3988" custom="readingOrder {index:7;} structure {type:paragraph;}">
            <Coords points="860,5815 5110,5815 5110,6070 860,6070"/>
            <TextLine id="r1l36" custom="readingOrder {index:0;} m_chord {offset:12; length:6;} m_chord {offset:19; length:2;}">
                <Coords points="905,6071 4642,5993 4639,5749 4098,5704 2920,5866 2752,5764 2177,5892 1894,5776 1563,5895 902,5816"/>
                <Baseline points="928,5998 1112,5996 1296,5992 1480,5990 1665,5988 1849,5984 2033,5982 2218,5980 2402,5976 2586,5974 2771,5972 2955,5970 3139,5968 3323,5964 3508,5962 3692,5960 3876,5958 4061,5954 4245,5952 4429,5949 4614,5946"/>
                <TextEquiv>
                    <Unicode>enthaltenen Accord -g bezieht, dessen Repräsentant er ist.</Unicode>
                </TextEquiv>
            </TextLine>
            <TextEquiv>
                <Unicode>enthaltenen Accord -g bezieht, dessen Repräsentant er ist.</Unicode>
            </TextEquiv>
        </TextRegion>
        <TextRegion orientation="0.0" type="paragraph" id="TextRegion_1632844016911_3984" custom="readingOrder {index:8;} structure {type:paragraph;}">
            <Coords points="860,6070 5110,6070 5110,7107 860,7107"/>
            <TextLine id="r1l37" custom="readingOrder {index:0;} concept_mus {offset:50; length:9;}">
                <Coords points="1226,6309 5089,6242 5086,6091 4748,6044 1224,6122"/>
                <Baseline points="1250,6260 1440,6256 1631,6253 1821,6250 2012,6246 2203,6244 2393,6242 2584,6238 2774,6236 2965,6234 3156,6230 3346,6228 3537,6226 3727,6222 3918,6220 4109,6216 4299,6214 4490,6210 4680,6208 4871,6205 5062,6202"/>
                <TextEquiv>
                    <Unicode>In Beziehung auf die hier aufgestellten einfachen positiven</Unicode>
                </TextEquiv>
            </TextLine>
            <TextLine id="r1l38" custom="readingOrder {index:1;} m_chord {offset:0; length:7;} m_chord {offset:8; length:2;} m_chord {offset:12; length:2;} m_chord {offset:19; length:2;}">
                <Coords points="897,6508 5009,6490 5069,6282 895,6357"/>
                <Baseline points="924,6456 1129,6455 1335,6454 1541,6452 1747,6449 1953,6446 2159,6444 2365,6442 2571,6440 2777,6438 2983,6434 3188,6432 3394,6430 3600,6426 3806,6424 4012,6420 4218,6416 4424,6414 4630,6410 4836,6406 5042,6402"/>
                <TextEquiv>
                    <Unicode>Accorde +f, +c und +g zeigt sich daher eine zweifache Durch¬</Unicode>
                </TextEquiv>
            </TextLine>
            <TextLine id="r1l39" custom="readingOrder {index:2;} m_chord {offset:17; length:6;} m_chord {offset:24; length:2;}">
                <Coords points="908,6664 5000,6699 5091,6480 906,6518"/>
                <Baseline points="936,6662 1142,6658 1348,6654 1555,6650 1761,6648 1968,6644 2174,6642 2380,6638 2587,6636 2793,6634 3000,6632 3206,6628 3412,6626 3619,6624 3825,6622 4032,6620 4238,6616 4444,6614 4651,6611 4857,6608 5064,6604"/>
                <TextEquiv>
                    <Unicode>dringung der dem Accord +c entgegengesetzten, durch diesen zwar</Unicode>
                </TextEquiv>
            </TextLine>
            <TextLine id="r1l40" custom="readingOrder {index:3;}">
                <Coords points="905,6868 5070,6878 5068,6701 4709,6648 904,6754"/>
                <Baseline points="932,6862 1137,6857 1343,6852 1548,6848 1754,6844 1960,6842 2165,6840 2371,6838 2576,6835 2782,6834 2988,6832 3193,6830 3399,6828 3604,6826 3810,6824 4016,6822 4221,6820 4427,6818 4632,6814 4838,6810 5044,6806"/>
                <TextEquiv>
                    <Unicode>mittelbar, aber nicht unmittelbar und daher nicht wirklich mit ein¬</Unicode>
                </TextEquiv>
            </TextLine>
            <TextLine id="r1l41" custom="readingOrder {index:4;} m_chord {offset:17; length:7;} m_chord {offset:25; length:2;} m_chord {offset:32; length:2;}">
                <Coords points="912,7164 1936,7183 2096,7067 2882,7141 3053,7060 3402,7155 3578,7122 3576,6904 909,6940"/>
                <Baseline points="934,7058 1065,7058 1196,7056 1327,7056 1458,7054 1589,7052 1720,7050 1851,7048 1982,7044 2113,7042 2244,7040 2375,7038 2506,7036 2637,7034 2768,7032 2899,7032 3030,7032 3161,7032 3292,7032 3423,7034 3554,7038"/>
                <TextEquiv>
                    <Unicode>ander verwandten Accorde +f und +g:</Unicode>
                </TextEquiv>
            </TextLine>
            <TextEquiv>
                <Unicode>In Beziehung auf die hier aufgestellten einfachen positiven&#13;
Accorde +f, +c und +g zeigt sich daher eine zweifache Durch¬&#13;
dringung der dem Accord +c entgegengesetzten, durch diesen zwar&#13;
mittelbar, aber nicht unmittelbar und daher nicht wirklich mit ein¬&#13;
ander verwandten Accorde +f und +g:</Unicode>
            </TextEquiv>
        </TextRegion>
        <GraphicRegion id="Graphic_1632844122508_4044" custom="readingOrder {index:9;} structure {type:floating;}">
            <Coords points="860,7107 5110,7107 5110,7527 860,7527"/>
        </GraphicRegion>
        <TextRegion orientation="0.0" id="TextRegion_1632844012449_3976" custom="readingOrder {index:10;} structure {type:paragraph-continued;}">
            <Coords points="860,7527 5110,7527 5110,7973 860,7973"/>
            <TextLine id="r1l45" custom="readingOrder {index:0;} m_chord {offset:25; length:7;} m_chord {offset:33; length:3;} textStyle {offset:35; length:1;fontSize:0.0; kerning:0; superscript:true;} m_chord {offset:41; length:2;}">
                <Coords points="1243,7741 5095,7697 5092,7521 4831,7436 4350,7572 3995,7467 3523,7593 1240,7565"/>
                <Baseline points="1270,7722 1459,7717 1649,7714 1839,7710 2029,7706 2219,7702 2409,7699 2599,7696 2789,7694 2979,7690 3169,7688 3358,7686 3548,7684 3738,7682 3928,7680 4118,7678 4308,7678 4498,7676 4688,7674 4878,7674 5068,7672"/>
                <TextEquiv>
                    <Unicode>In dem zusammengesetzten Accorde +g7 ist +g vollstän¬</Unicode>
                </TextEquiv>
            </TextLine>
            <TextLine id="r1l46" custom="readingOrder {index:1;} m_chord {offset:18; length:2;} m_note {offset:31; length:8;} m_note {offset:40; length:1;}">
                <Coords points="927,8021 5137,7918 5103,7706 924,7766"/>
                <Baseline points="952,7926 1159,7924 1367,7920 1575,7916 1783,7912 1991,7910 2199,7906 2407,7902 2615,7899 2823,7896 3031,7893 3238,7890 3446,7888 3654,7885 3862,7883 4070,7880 4278,7878 4486,7878 4694,7876 4902,7876 5110,7874"/>
                <TextEquiv>
                    <Unicode>dig enthalten und +f durch den Grundton f repräsentirt, weil</Unicode>
                </TextEquiv>
            </TextLine>
            <TextEquiv>
                <Unicode>In dem zusammengesetzten Accorde +g7 ist +g vollstän¬&#13;
dig enthalten und +f durch den Grundton f repräsentirt, weil</Unicode>
            </TextEquiv>
        </TextRegion>
    </Page>
</PcGts>
