5704 9295
2672 505 2973 871 15
719 855 4898 1163 sten, welcher innerhalb einer bestimmten Zeit, z. B. einer Se¬
693 1154 4934 1353 cunde, die meisten Schwingungen macht. Die Zunahme der
695 1314 4942 1525 Schnelligkeit der Schwingungen mit der Höhe des Tones ist an
692 1505 4944 1730 transversalschwingenden Stäben und Saiten am leichtesten zu er¬
731 1716 1308 1943 forschen.
1015 1933 4940 2159 Sichtbare Resultate in Betreff der Länge des Körpers zur
678 2168 4940 2381 Anzahl seiner Schwingungen erhält man z. B., wenn man von
669 2316 4941 2538 den langsamen, zählbaren Schwingungen eines Stabes oder einer
701 2541 4937 2770 Saite ausgeht. Durch Verkürzung des einen oder anderen dieser
683 2738 4924 2967 tranvsersalschwingenden Körper entstehen mehr, durch Verlängerung
690 2912 4916 3174 hingegen weniger Schwingungen, während einer bestimmten Zeit.
704 3117 4920 3339 Und zwar stellen sich durch Abgrenzung aliquoter Theile folgende
683 3343 4919 3572 allgemeine (d. h. von jeder besonderen Stimmungshöhe und der¬
708 3546 4935 3800 selben entsprechenden Vibrationszahl unabhängige) Ergebnisse
713 3719 1241 3964 heraus.
1018 3920 4911 4191 Die halbe Länge einer Saite erzeugt bei unveränderter Span¬
697 4133 4916 4360 nung die doppelte, der dritte Theil derselben die dreifache, das
703 4342 4922 4564 Viertel die vierfache Anzahl von Schwingungen u. s. f. Dagegen
714 4551 4930 4804 geht aus der doppelten Länge die halbe, aus der dreifachen der
689 4778 4925 4996 dritte Theil, aus der vierfachen das Viertel der Schwingungs¬
698 4952 4908 5181 menge hervor, welche die ursprüngliche Länge während einer und
680 5168 4927 5377 derselben Zeit macht. Bei hörbaren Schwingungen — die nach
706 5380 4942 5606 neueren Angaben in den Bereich des Tönenden gehören, d. h. von
693 5561 4919 5766 uns als Töne empfunden und im Vergleich mit anderen als solche
698 5773 4935 6014 unterschieden werden, wenn ihre Anzahl nicht weniger als 15 und
697 5987 4886 6195 nicht mehr als 8000 in der Secunde beträgt — werden die Töne,
709 6171 4923 6362 welche den eben gedachten Verkürzungen und Verlängerungen der
729 6351 4917 6589 schwingenden Körper entsprechen, z. B. in dem Falle wahrge¬
715 6584 4941 6818 nommen, wenn der Schwingungsbetrag des Tones, welchem die
686 6784 4928 7019 übrigen als hohe und tiefe entgegen stehen, 128 in der Secunde
695 6994 4890 7221 und noch leichter, wenn er größer ist. Dies geschieht in dem Falle,
715 7187 4930 7372 wenn die Schwingungen nicht von elastisch festen, sondern von
689 7361 4937 7615 luftförmigen Körpern ausgehen, wo die Totalschwingungen nicht
703 7577 4934 7840 transversale, sondern longitudinale sind. In beiden Fällen lassen
706 7784 4937 8073 die gleichen Tonhöhen und Tontiefen (mit Ausnahme der höheren
