5704 9212
2739 542 3046 804 11
733 848 4948 1139 aber er kann in allen Fällen nur als ein unvollständiger oder, wenn
723 1097 4943 1348 man will, von dem dissonirenden Vierklang abgeleiteter und eben
741 1305 4935 1566 deshalb seiner Natur nach dissonirender Dreiklang angesehen wer¬
738 1496 4942 1764 den. Erst durch spätere Betrachtungen ist das hier Gesagte näher
750 1756 4938 1957 und gründlicher einzusehen, und zwar vornehmlich alsdann, wenn
726 1895 4941 2125 eine festere, als die bisherige Grundlage für die Entwickelung der
753 2108 4921 2368 Accorde, und vorzugsweise für die Grundform derselben (nämlich
749 2344 4963 2559 die Terzengestalt, welche sich als die einfachste erweist) gewonnen
735 2516 4965 2754 und überdies philosophisch festere Begriffsbestimmungen aufgestellt
765 2698 4928 2961 sein werden, als die bereits angeführten Benennungen: große,
766 2926 4955 3147 kleine, verminderte Intervalle und Accorde. Dahin gehören unter
739 3091 4938 3356 Anderem die Benennungen: vierstimmiger Dreiklang, dreistimmi¬
756 3304 4935 3558 ger Vierklang, welche offenbar nur Verwirrung, nicht Klarheit in
755 3511 4944 3764 die Wissenschaft bringen und das eigentliche Verständniß der Sache
742 3751 1760 3996 nur erschweren.
1057 3959 4896 4149 Wenn schon die diatonische, und zwar mehr noch die Dur-
747 4122 4930 4359 als die Moll-Tonleiter als eine geordnete (in sich abgerundete, vor¬
744 4318 4943 4561 zugsweise faßliche) Tonfolge erscheint, so ist sie deshalb nicht auch
770 4552 4943 4755 als etwas unmittelbar Gegebenes anzunehmen. Die Eigenthüm¬
763 4709 4953 4942 lichkeit der stufenweise fortschreitenden Tonreihe, wonach sie, wenn
777 4920 4955 5172 wir von der Verschiedenheit der Höhe und Tiefe der Octave ab¬
797 5147 4948 5365 sehen, zu dem nämlichen Tone oder vielmehr dem gleichartigen
781 5326 4968 5570 Elemente zurückkehrt, mit welchem sie beginnt, verleiht ihr zwar
773 5539 4951 5753 das Einheitsvolle, Abgerundete, Selbstständige; aber sie erklärt
749 5738 4943 5957 nicht auch die Faßlichkeit und daher anzunehmende nahe Beziehung
786 5933 4960 6180 der aufeinander folgenden Töne, welche innerhalb des Intervalles
766 6124 4971 6341 der Octave liegen; noch weniger giebt sie einen Grund ab, daß
767 6322 4976 6577 man von einer solchen, wenn auch vorzugsweise faßlichen Ton¬
796 6542 4970 6770 folge bei der Darstellung der Accorde in ihrer Grundform (oder
814 6720 3896 6974 Grundaccorde wie man zu sagen pflegt) ausgeht.
1086 6896 4967 7159 Wenn wir in der Musik vergleichungsweise die Melodie als
774 7132 4917 7332 das Höhere, Geistige ansehen, dem die Harmonie als das Niedere,
789 7306 4957 7542 Körperliche, gleichsam als die veränderliche Masse entgegensteht;
804 7530 4967 7777 so tritt es damit nicht in Widerspruch, vielmehr erklärt es sich
772 7698 4977 7969 analog aus dem Vorhergehenden, daß das Eine ohne das Andere
