5704 9316
2664 477 2938 836 10
686 830 4955 1133 harmonische, gleich wie der melodische Stoff, ebensowohl in der
684 1114 4926 1331 harmonischen Form (d. i. im Zusammenklang), als in der melo¬
671 1309 3301 1559 dischen (d. i. in der Klangfolge) faßlich.
1021 1547 4916 1771 Ueberdies sehen wir, im Hinblick auf die durch Combination
694 1746 4931 1968 harmonischer Bestandtheile entwickelten Accordgestalten, daß alle
687 1931 4903 2183 wirklich harmonischen (oder zusammenklingenden) Bestandtheile,
699 2132 4925 2348 mithin auch die Secunden (über deren Bedeutung der, der Har¬
676 2351 4918 2578 monie Unkundige nach dem eben Erwähnten wohl gar leicht in Zwei¬
703 2551 4908 2782 fel gerathen könnte) — wie sie auch versetzt sein mögen — sich auf
679 2757 4921 2955 Terzengestalten zurückführen lassen. Ich sage hier ausdrücklich auf
692 2934 4944 3162 Terzengestalten, nicht auf Terzen (wie man irriger Weise
734 3151 4933 3393 sagt), weil es wissenschaftlichen Begriffen zufolge, weder verschie¬
683 3382 4951 3603 dene Terzen, noch Quinten und Sexten, noch andere gleichnamige
706 3558 4931 3784 Intervalle von verschiedener Größe geben kann. Denn 3 ist 3,
714 3756 4929 3968 5 ist 5, 6 ist 6 2c. und was größer oder kleiner als 3, 5, 6 2c.
695 3963 4942 4174 wird, hört auf das zu sein, was es ursprünglich war. Es kann
713 4173 4949 4389 daher dem im Beispiel 3 dargestellten Accord c e g, bestehend aus
690 4362 4932 4552 der sogenannten großen Terz und reinen Quinte (großer Drei¬
716 4578 4931 4789 klang), ein anderer Accord e g b, bestehend aus kleiner Terz und
749 4794 4938 5006 falscher Quinte (verminderter Dreiklang), nicht als gleichartiger
751 5008 4940 5234 (dreistimmiger consonirender) Zusammenklang entgegen gestellt
708 5281 2796 5744 werden. So im Beispiel 3. $$MUSIC
1024 5764 4945 5970 Der Accord e g b enthält die Bestandtheile des Accordes
696 5948 4933 6180 e g b c, welcher durch die erste Versetzung des Vierklanges c e g b
712 6151 4938 6366 erzeugt wird und übrig bleibt, wenn der Bestandtheil c aus dem
702 6346 4928 6567 Accorde hinweg gedacht oder wirklich ausgeschieden wird. Auch
724 6561 4950 6788 dieser Accord kommt, gleich allen vorhergehenden, in Tonstücken
713 6769 4744 7009 häufig vor und ist, wenn auch das Gemüth beunruhigend, doch
746 6970 4951 7205 schon der symmetrischen Lage (nämlich der Terzengestalt) seiner
705 7174 4942 7422 Bestandtheile wegen — an sich faßlich, und noch vielmehr in Ver¬
723 7421 4006 7695 bindung mit anderen Accorden, wie im Beispiel 4;
