5704 9370
2696 537 2984 857 73
1216 876 4363 1139 -c +c -c +es +as +g7 +c7 -c
671 1130 4933 1353 enthaltene Folge der nicht verwandten Accorde läßt sich deshalb
672 1311 4912 1516 als die Grenze der accordlichen Substitution überhaupt ansehen,
684 1521 4918 1753 weil die Accorde selbst einfache (nämlich Quintenaccorde) sind.
684 1728 4945 1972 Und aus der bereits gegebenen Erklärung über die Faßlichkeit die¬
707 1932 4920 2184 ser Accordfolge ergiebt sich, in Betreff der accordlichen Substitu¬
674 2155 4940 2378 tion im Allgemeinen, daß dieselbe so lange zulässig sei, als sie
669 2329 4946 2578 durch Einschiebung eines vermittelnden Accordes, oder durch
684 2556 4945 2792 den Zusatz eines vermittelnden Tones, oder durch beide Arten von
687 2752 4943 2996 Supplementen begründet werden könne, und zwar in den entspre¬
672 2962 4923 3251 chenden Zeitmomenten, wie aus dem Beispiel 31 ersichtlich ist,
670 3163 4937 3375 und unter den übrigens bekannten formellen Bedingungen, durch
674 3422 4957 3593 welche die in Hinsicht auf den Fortgang der einzelnen Stimmen
686 3593 4942 3835 unzulässigen Quintenfolgen (das Merkmal der Aufeinanderfolge
689 3801 3582 4004 nicht verwandter Accorde) vermieden werden.
1000 3982 4964 4240 Wie lang oder kurz nun auch eine musikalische Composition
672 4181 4929 4397 immer sein mag, so kann sie nur dann als eine sinngemäße, faß¬
677 4390 4928 4627 liche wahrgenommen werden und, abgesehen von der Anziehungs¬
693 4604 4928 4840 kraft einzelner Gedanken, nur dann von wohlthuendem, nachhal¬
692 4837 4948 5045 tigem Eindruck sein, wenn, je nach Beschaffenheit der Länge oder
682 5017 4933 5277 Kürze des Tonstücks und der größeren oder geringeren Ausfüh¬
684 5247 4919 5434 rung der einzelnen Gedanken, die Accorde sämmtlich oder zum
680 5419 4941 5613 Theil zur Geltung gelangen, durch welche der Grundaccord der
667 5632 4944 5831 Tonart des Tonstücks (in welcher zunächst das Thema steht) fixirt
680 5843 4946 6039 wird. Diese Accorde gelangen aber nicht etwa schon dadurch zur
682 6031 4895 6249 Geltung, daß man sie nur anschlägt (wie z. B. bei Tonsätzen,
684 6258 4934 6468 die nur aus wenigen Tacten bestehen), sondern dadurch, daß man
693 6435 4933 6685 sie in angemessenen Zeitmomenten (z. B. wenn der eine Gedanke
662 6665 4934 6925 abgeschlossen und der andere vorbereitet ist) eintreten läßt, an ih¬
669 6864 4936 7089 nen festhält, sie mittelst der betreffenden Fixirungsaccorde zu
698 7072 4954 7279 Grundaccorden neuer Tonarten erhebt, welche den Gegensatz zu
670 7284 4963 7483 der Haupttonart des Tonstücks bilden und darin neue, dem Thema
667 7506 3936 7704 entgegengesetzte Gedanken gruppirt erscheinen läßt.
985 7673 4971 7889 In Erwägung, daß die Fixirungsaccorde zugleich auch die
659 7877 4931 8135 einfachen Accorde des accordlichen Gegensatzes sind, so läßt sich
