5704 9162
2804 506 3000 839 50
876 813 4998 1130 schaft der Accorde, von der Supplirung einer fünften Stimme und
853 1111 4950 1342 der daraus folgenden Stimmführung überhaupt abgesehen wird
846 1311 5019 1537 muß daher zwischen die beiden Accorde +g und +f, der Accord
866 1530 5003 1734 +c, als beiden verwandt und beide vermittelnd, eintreten. So
835 1724 5014 1956 bildet sich der weitere Fortgang der vorstehenden zweigliedrigen
830 1906 4982 2133 Accordverbindung (gleichsam das Binomium der Anfangsformel)
825 2102 2131 2328 auf folgende Weise:
1152 3078 5005 3310 Um den hiermit dargestellten Gegensatz der einfachen Accorde
836 3294 4994 3512 einem tonischen — beziehungsweise accordlichen — Abschluß ent¬
858 3505 4996 3748 gegen zu führen, ist die Folge des Accordes +c nach dem Accord
849 3703 4992 3915 +f nothwendig; daher die symmetrische Gruppe sich mit dem
878 3902 3448 4139 fünften Gliede folgendergestalt abschließt:
1125 5066 4984 5302 Der Eintritt des Accordes +c zeigt sich aber nicht nur dann
829 5305 4997 5528 als nothwendig, wenn die Gruppe abgeschlossen, sondern auch in
843 5493 4981 5694 dem Fall, wenn sie symmetrisch weiter ausgebildet werden soll.
837 5688 5001 5931 Das fünfte Glied bildet demnach das Endglied der soweit ent¬
820 5890 4988 6118 wickelten und zugleich das Anfangsglied der noch weiter zu ent¬
853 6109 4986 6338 wickelnden Gruppe. Einer weiteren Entwickelung ist diese Gruppe
845 6334 4988 6530 fähig, da bekanntlich aus den, dem Grundaccord +c entgegen¬
859 6529 4962 6730 gesetzten, mit einander nicht verwandten Accorden +f und +g
850 6718 4972 6939 zusammengesetzte Accorde gebildet werden können. Der von mir
864 6908 4998 7144 gewählten Ausdrucksweise zufolge ist eine zweifache Durchdrin¬
865 7085 4987 7341 gung der Accorde +f und +g möglich, nämlich in den dissoni¬
835 7275 4989 7512 renden Accorden +f6 und +g7, deren Bestandtheile in den
831 7487 4990 7737 wiederholt in Betrachtung gezogenen Terzengestalten sich auf diese
835 7701 2006 7994 Weise gruppiren:
