5704 9287
2829 615 3095 908 66
1159 2201 4966 2464 Die Folge der in diesem Beispiel enthaltenen nicht verwand¬
832 2445 4977 2655 ten Accorde -g +des wird klar, indem man sich zwischen die¬
874 2657 4907 2892 selben den Accord +as, desgleichen die Accordfolge +as -f,
855 2827 4944 3089 indem man sich den Accord -c dazwischen eingeschoben denkt,
862 3043 3716 3361 und zwar auf die Weise, wie im Beispiel 26:
1156 4581 4989 4965 Die Bestimmung der Töne für die äußeren Stimmen, welche
864 4916 4989 5151 bei der harmonischen Begründung der umgekehrten oder absteigen¬
845 5090 4991 5320 den negativen Scala erforderlich wurde, kommt auch aus gleichen
887 5303 4981 5530 Gründen bei der harmonischen Begründung der im Vergleich zu
846 5476 4982 5700 dieser letzteren umgekehrten Tonfolge, nämlich der aufsteigenden
849 5680 4990 5882 negativen Scala in Betracht. Demnach ist, wie bei der absteigen¬
862 5878 4988 6072 den negativen Scala, auch bei der aufsteigenden als Repräsentant
857 6065 5009 6322 des derselben zum Grunde liegenden Accordes -c nicht dessen
860 6279 4996 6506 Grundton c, sondern der Intervallton der Quinte f zu wählen.
839 6496 4980 6714 Von diesem Tone aus entsteht dann als Umkehrung der vorher¬
892 6680 2914 6917 gehenden die folgende Tonreihe:
2203 6843 3654 7104 f g as b c des es f.
1163 7008 4981 7312 Von dem gegenwärtigen Standpunkt unserer Forschung aus
846 7248 4976 7481 vermögen wir aus Gründen der Harmonie nachzuweisen, in wie¬
886 7476 5007 7738 fern und weshalb diese im Beispiel 27 aufgestellte Tonfolge nicht
842 7679 2140 7967 durchaus befriedigt.
