5704 9175
2596 569 2875 841 61
647 865 4833 1168 halben Tones (d. i. die Entfernung, in welcher jede zwei der Höhe
627 1137 4838 1387 oder Tiefe nach einander zunächst folgende Töne stehen, die eine
655 1346 4804 1547 musikalische Beziehung zu einander haben, nämlich als Bestand¬
644 1546 4825 1766 theile verwandter Accorde gedacht werden können). Für die von c
644 1736 4819 2011 aus entwickelte positive Scala erhalten wir demgemäß folgendes
619 1936 1301 2185 Resultat:
636 2548 4842 2766 und daraus das folgende allgemeine Gesetz für die positive Scala
630 2757 1384 2991 überhaupt:
969 3368 4801 3615 Dasselbe Gesetz gilt auch, dem Princip des tonischen Gegen¬
692 3597 4830 3816 satzes zufolge, ganz unverändert für die negative Scala, wenn die
691 3770 4803 4029 Fortschreitung der Intervalle auf die entgegengesetzte Richtung be¬
653 3974 4791 4244 zogen wird, wenn mithin ebenso, wie bei den negativen Accorden,
645 4227 4799 4404 der Grundton in der Höhe und die Intervalltöne der Secunde,
646 4373 4790 4589 Terz, Quarte u. s. w. in der Tiefe liegend angenommen werden.
627 4551 4787 4800 Von dem einmal angenommenen Grundton c aus stellt sich dem¬
638 4767 3799 5050 nach die negative Scala in folgenden Tönen dar:
1974 4966 3430 5205 c b as g f es des c,
662 5134 3808 5430 deren Darstellung in Noten das Beispiel 22 zeigt:
965 5943 4817 6161 Die Faßlichkeit der Tonreihe der positiven Scala wurde oben
650 6194 4804 6376 aus der Beziehung der Töne derselben auf die einander entgegen¬
675 6406 4824 6586 gesetzten und sich wechselseitig bestimmenden Accorde erklärt. Ueber
660 6542 4819 6739 die Faßlichkeit der Tonreihe der negativen Scala würde aus glei¬
652 6745 4816 6988 chen Gründen zu entscheiden sein, wenn sich darthun ließ, daß auch
667 6943 4790 7144 die einzelnen Töne dieser Reihe als Repräsentanten entgegengesetz¬
664 7124 4808 7341 ter, und zwar sich wechselseitig bestimmender negativer Accorde zu
654 7326 4808 7566 betrachten seien. Die Faßlichkeit der negativen Scala würde nicht
686 7543 4814 7772 geringer, als die der positiven sein, wenn die Aufeinanderfolge
666 7752 4831 7991 (beziehungsweise Verbindung) der durch die Töne der negativen
