5704 9133
2787 542 3022 863 29
789 817 4956 1148 daß der Charakter der höheren Tonregion (namentlich des Discan¬
794 1114 4972 1358 tes) von dem der tieferen (des Basses) wesentlich verschieden ist.
812 1316 4996 1582 Die Eigenthümlichkeiten des Einen und Anderen muß vor Allem
812 1499 4975 1737 der Componist möglichst genau erforschen und bei Erschaffung sei¬
822 1733 4979 1982 ner Tongebilde berücksichtigen, da die gute Wirkung der Musik
873 1922 4969 2139 insbesondere die der sogenannten äußeren Stimmen eines mehr¬
864 2089 4980 2383 stimmigen Satzes) darauf beruht. In Beziehung auf die in Ter¬
820 2321 4962 2563 zengestalt combinirten Bestandtheile der Dreiklänge werde hier nur
828 2517 4980 2747 erwähnt, daß sowohl bei Dur- als bei Moll-Accorden der höchst¬
829 2703 3803 2958 liegende Bestandtheil der schwächste Baßton ist.
1155 2876 4956 3143 Hier, wie überall, wo nicht ausdrücklich eine andere Combi¬
816 3126 4973 3374 nation der Accordbestandtheile bemerkt wird, beziehen wir den
845 3315 4982 3547 höchsten und tiefsten Ton auf die Terzengestalt oder Grundform, in
815 3500 4962 3769 welcher man die Accorde — seien es nun Drei- oder Vierklänge
866 3709 4992 3934 (consonirende oder dissonirende Accorde) — auch Grundaccorde zu
819 3925 4971 4126 nennen pflegt, und zwar zum Unterschied von jeder anderen Com¬
814 4122 4981 4334 bination der Accordbestandtheile, welche man als eine aus der
832 4310 4984 4537 Grundgestalt abgeleitete Form betrachtet, und in welcher man die
823 4501 4980 4724 Accorde selbst abgeleitete oder, im Hinblick auf die Versetzung der
831 4716 3584 4960 Grundbestandtheile, versetzte Accorde nennt.
1130 4898 4988 5151 Was in Rücksicht der vorstehenden entgegengesetzten Grund¬
806 5122 4968 5339 accorde den noch übrigen Bestandtheil der Terz anlangt, so ersehen
820 5341 4997 5553 wir aus der obigen Nebeneinanderstellung, daß derselbe sowohl im
824 5494 4981 5736 Dur- als auch im Mollaccord, wenn beide in ihren Grundformen
828 5700 4959 5933 erscheinen, zunächst dem Grundton liegt, nur im Duraccord (posi¬
815 5945 4967 6141 tiven Quintenaccord) in der Richtung aufwärts, hingegen im
820 6102 4952 6333 Mollaccord (negativen Quintenaccord) in der Richtung abwärts.
829 6288 4986 6526 Ebenso, wie der Vierklang rücksichtlich des größten Intervalls (der
873 6521 4968 6740 sogenannten harmonischen Septime nämlich), welches die in Ter¬
823 6716 4955 6955 zengestalt combinirten Bestandtheile begrenzt, durch den allgemein
838 6899 4938 7152 gebräuchlichen Namen Septimenaccord genauer bezeichnet wird,
835 7115 4982 7332 geschieht dies in Hinsicht auf den Dreiklang, aus dem nämlichen
823 7290 4964 7533 Grunde durch den Namen Quintenaccord. Eine noch bestimmtere
823 7499 4964 7736 Bezeichnung erhalten diese Accorde durch die von mir gebrauchten
804 7699 4971 7931 Ausdrücke: positiv und negativ, durch welche bekanntlich in der
