5704 9212
2825 529 3134 864 36
844 822 5060 1132 as c zusammenklingen, aus -c (d. i. der F-moll-Accord) und
958 1054 5049 1397 -d (d. i. der G-moll-Accord) zusammengesetzt, wo der Bestand¬
870 1297 3160 1522 theil d den Accord -d repräsentirt.
1167 1378 5047 1724 Obgleich durch die Combination der Elemente der Accorde
905 1705 5074 1929 +b +f +c, wenn diese in der Folge +c +b +f nach der
835 1881 5052 2126 Richtung aufwärts erscheinen, die Terzengestalt sich weit über die
860 2076 5040 2311 Septime b hinaus erstreckt, wie man aus dem hier folgenden
873 2313 3544 2548 Schema ersieht: c e g b d f a c,
856 2442 5035 2736 welches eine Tonreihe darstellt, die mit e anfängt und endigt, und
856 2690 5041 2936 einen Umfang von zwei Octaven einschließt; so geben dennoch nur
859 2889 5029 3132 die ersten vier Bestandtheile dieser Reihe (nämlich die Bestand¬
851 3097 5010 3346 theile des positiven Septimenaccordes +c7) einen rein harmoni¬
873 3285 5043 3540 schen Zusammenklang, indem die übrigen mit Ausnahme des letzten
831 3477 5053 3698 Tones c dieser Reihe (der kein neues Element der Combination
878 3666 5022 3952 ist) selbst noch in der Richtung über dem Grundton, wenn sie die¬
892 3937 5040 4189 sem möglichst genähert erscheinen (nämlich d als Secunde, f als
834 4085 5040 4361 Quarte und a als Sexte vom Grundtone), zerstörend auf die Har¬
839 4312 5030 4526 monie des Septimenaccordes c e g b einwirken. Dies mag durch
823 4520 3521 4802 das folgende Schema angedeutet werden:
839 5312 5040 5633 Bei dem Zusammenklang dieser Töne in ihrer nächsten (d. i. Se¬
856 5572 5063 5794 cundenlage) zerstört insbesondere d die Harmonie von c und e, f
840 5745 5052 6018 die Harmonie von e und g, und a die Harmonie von g und b.
872 5967 5075 6245 Harmonisch sind in Beziehung auf diese Toncombination die
854 6192 5056 6475 Dreiklänge c e g, d f a, e g b und f a c und die Vierklänge c e
831 6355 5064 6638 g b und d f a c, welche um der besseren Uebersicht willen hier ab¬
842 6583 2562 6903 gegrenzt erscheinen mögen:
