5704 9500
2986 538 3290 863 64
1018 791 5275 1170 stimme den Intervallton der Terz und bei c den Grundton des
959 1164 3759 1372 Accordes (d. i. die Quinte des Baßtones).
1283 5027 5251 5256 Aber diese Modification reicht nicht hin, um einen befriedi¬
983 5210 5245 5456 genden Eindruck hervorzubringen. Denn sind auch bei der dreifa¬
955 5483 5254 5696 chen Darstellungsweise der Verbindung der Mollaccorde deren
943 5637 5264 5872 Baßtöne in der Unterstimme enthalten, so fehlt es diesen doch im
944 5846 5248 6064 Vergleich zu denen der Duraccorde an eigenthümlicher Kraft. Auch
946 6064 5245 6282 ist die ganze Accordverbindung keineswegs als die Verbindung
945 6268 5223 6455 der Anfangs- und Schlußformel anzusehen, wodurch der Moll¬
960 6478 5265 6729 accord zum Grundaccord der Tonart bestimmt wird. Denn es ist
951 6670 5234 6899 bekannt, daß, der Lehre von den Modulationen gemäß, der Dur¬
942 6862 5241 7131 accord der Dominante (Leitaccord) und Mollaccord der Subdomi¬
940 7132 5224 7330 nante als Fixirungsaccorde des Mollaccordes betrachtet werden.
970 7319 5222 7543 Hieraus ist klar, daß der melodische Gegensatz, mit Rücksicht auf
932 7511 5231 7730 allseitige harmonische Begründung, ebenso wenig, als der accord¬
949 7697 5243 7924 liche, in Erwägung der Eigenthümlichkeiten der Baßtöne, insbe¬
984 7922 5236 8211 sondere der die Cadenzen bildenden Accorde, mit strenger Conse¬
