1407 2241
674 67 773 116 111
136 158 1295 203 aber dem Grade ihrer Consonanz, ihrer Verwandtschaft, ihrer
141 196 1301 243 Klangrepräsentation. Von jenem Missbehagen, welches aus dem
142 243 1299 283 tonalen Dualismus grösserer paralleler Phrasen entspringt, ist selbst
141 283 1305 322 bei der Quintenfolge c—g . . . 4—a nicht viel zu bemerken; was
150 329 1303 371 uns jedoch entschieden stört, ist der Fortschritt zu einem
148 365 1302 412 nicht unmittelbar verwandten Klange. Der Mangel an
151 412 1297 459 directer Verwandtschaft wird durch das consonante Intervall, welches
142 452 1297 491 die betreffenden Klänge ganz entschieden und in gleicher Weise
147 491 1300 540 vertritt, um so empfindlicher, abgesehen davon, dass er sich ja in
143 542 1299 580 zwei Stimmen zugleich offenbart: nicht nur c. 7, sondern auch
140 579 1304 627 9... a bedeutet den Schritt zu einem blos mittelbaren Ver¬
147 620 1300 666 wandten. Es ist nun ganz natürlich, dass dieser Mangel an Ver¬
148 674 1299 708 wandtschaft dort am klarsten zu Tage tritt, wo die betreffenden
142 708 1298 756 parallelen Intervalle ihre Klänge am stärksten vertreten, mit
142 748 1295 794 anderen Worten: je consonanter ein Intervall ist, also
141 787 1300 836 je entschiedener es seinen Klang vertritt, desto
141 831 1299 875 herber klingen seine Parallelen, die zu entfernteren
147 875 1291 923 Verwandten führen; je weniger consonant es ist,
147 915 1297 962 desto erträglicher erscheinen diese Parallelen.
147 955 1294 1003 Zwischen den „unerlaubten“ Quintenfolgen und den übrigen „er¬
147 1003 1298 1050 laubten“ Parallelen besteht also kein principieller Unterschied;
142 1043 1304 1084 eine feste, unüberschreitbare Grenzlinie ziehen zu wollen, wäre ein
147 1082 465 1132 Act der Willkür.
236 1128 1293 1172 Wenn unsere Ansicht die richtige ist, wenn die Quinten selbst
138 1173 1299 1212 weiter nichts thun, als dass sie die bereits vorhandene Schroffheit
145 1212 1294 1259 der Klangfolge greller beleuchten, so müssen sich daraus gewisse
146 1254 1288 1299 Fälle ableiten lassen, in denen man Quintenparallelen getrost hin¬
145 1306 1298 1339 nehmen kann. Dass der zweistimmige Satz, welcher stets nur ein
142 1340 1303 1387 einziges Intervall klar und durchsichtig bietet, in Beziehung auf
138 1380 1299 1426 Klangfolge und Stimmführung sehr scrupulös verfahren muss, ist
145 1420 1295 1466 leicht einzusehen. Der mehrstimmige Satz geniesst viel grössere
135 1460 1289 1506 Freiheiten. Wenn z. B. die Klangfolge + d“ als vor¬
135 1511 1298 1555 greifende auftritt und in correcter Weise durch den Vermittler
136 1554 1300 1596 g“ gerechtfertigt wird, so ist kein Grund vorhanden, Stellen im
142 1587 1213 1634 vier- oder fünfstimmigen Satze, wie die nachstehenden bei a)
218 1987 1289 2025 *) Man beachte z. B. die Terzenparallelen, welche Wilhelm Tap¬
137 2020 1130 2067 pert in seinem „Verbot der Quintenparallelen“, S. 26, anführt.
