<?xml version="1.0" encoding="UTF-8" standalone="yes"?>
<PcGts xmlns="http://schema.primaresearch.org/PAGE/gts/pagecontent/2013-07-15" xmlns:xsi="http://www.w3.org/2001/XMLSchema-instance" xsi:schemaLocation="http://schema.primaresearch.org/PAGE/gts/pagecontent/2013-07-15 http://schema.primaresearch.org/PAGE/gts/pagecontent/2013-07-15/pagecontent.xsd">
    <Metadata>
        <Creator>prov=University of Rostock/Institute of Mathematics/CITlab|PLANET AI GmbH/Gundram Leifert/gundram.leifert@planet-ai.de:name=ONB_Newseye_GT_M1+(htr_id=10810)::::v=2.6.7
prov=University of Rostock/Institute of Mathematics/CITlab|PLANET AI GmbH/Tobias Gruening/tobias.gruening@planet-ai.de:name=de.uros.citlab.module.baseline2polygon.B2PSeamMultiOriented:v=2.6.7
prov=University of Rostock/Institute of Mathematics/CITlab|PLANET AI GmbH/Tobias Gruening/tobias.gruening@planet-ai.de:name=/net_tf/LA73_249_0mod360.pb:de.uros.citlab.segmentation.CITlab_LA_ML:v=2.6.6
Transkribus</Creator>
        <Created>2020-12-03T18:01:30.799+01:00</Created>
        <LastChange>2021-08-25T10:23:58.598+02:00</LastChange>
        <TranskribusMetadata docId="763762" pageId="28701776" pageNr="42" tsid="63399111" status="DONE" userId="74363" imgUrl="https://files.transkribus.eu/Get?id=HRQAPOQMAUGRJNBNDQUGJROE&amp;fileType=view" xmlUrl="https://files.transkribus.eu/Get?id=ZWMZZNRRNIQGWXNRQTUMOCRI" imageId="22424862"/>
    </Metadata>
    <Page imageFilename="Hostinský1879-0042.jpg" imageWidth="1407" imageHeight="2241" type="content">
        <ReadingOrder>
            <OrderedGroup id="ro_1630573574390" caption="Regions reading order">
                <RegionRefIndexed index="0" regionRef="TextRegion_1626095981843_2941"/>
                <RegionRefIndexed index="1" regionRef="TextRegion_1626095981843_2940"/>
                <RegionRefIndexed index="2" regionRef="TextRegion_1626095979732_2936"/>
                <RegionRefIndexed index="3" regionRef="TextRegion_1626095977477_2932"/>
            </OrderedGroup>
        </ReadingOrder>
        <TextRegion orientation="0.0" type="page-number" id="TextRegion_1626095981843_2941" custom="readingOrder {index:0;} structure {type:page-number;}">
            <Coords points="105,76 1263,76 1263,132 105,132"/>
            <TextLine id="r1l1" custom="readingOrder {index:0;}">
                <Coords points="656,106 675,108 679,106 705,107 714,103 721,103 721,78 714,78 701,66 694,68 657,68"/>
                <Baseline points="663,96 688,96 714,97"/>
                <TextEquiv>
                    <Unicode>34</Unicode>
                </TextEquiv>
            </TextLine>
            <TextEquiv>
                <Unicode>34</Unicode>
            </TextEquiv>
        </TextRegion>
        <TextRegion orientation="0.0" type="paragraph" id="TextRegion_1626095981843_2940" custom="readingOrder {index:1;} structure {type:paragraph;}">
            <Coords points="105,132 1263,132 1263,1245 105,1245"/>
            <TextLine id="r1l2" custom="readingOrder {index:0;} m_interval {offset:41; length:10;}">
                <Coords points="106,193 1270,194 1270,151 1209,146 106,147"/>
                <Baseline points="113,181 170,181 228,181 285,181 343,181 400,181 458,181 515,181 573,181 630,181 688,181 745,181 803,181 860,181 918,182 975,182 1033,182 1090,182 1148,183 1205,183 1263,184"/>
                <TextEquiv>
                    <Unicode>Wahl derselben sowie auch der Grösse der Intervalle, steht ihm</Unicode>
                </TextEquiv>
            </TextLine>
            <TextLine id="r1l3" custom="readingOrder {index:1;}">
                <Coords points="106,238 1184,243 1266,234 1266,201 106,203"/>
                <Baseline points="114,225 171,225 228,224 285,224 343,224 400,224 457,224 514,223 572,223 629,223 686,224 743,224 801,224 858,224 915,224 972,224 1030,224 1087,225 1144,225 1201,225 1259,226"/>
                <TextEquiv>
                    <Unicode>ganz und gar frei: es giebt keine herkömmliche Kunstregel, die</Unicode>
                </TextEquiv>
            </TextLine>
            <TextLine id="r1l4" custom="readingOrder {index:2;}">
                <Coords points="108,272 1265,275 1265,235 108,238"/>
                <Baseline points="115,266 172,266 229,266 286,266 343,266 400,266 457,266 515,266 572,266 629,266 686,266 743,266 800,266 857,267 915,267 972,267 1029,267 1086,267 1143,267 1200,267 1258,267"/>
                <TextEquiv>
                    <Unicode>ihn hierin beschränken könnte. Es sind eben alle Farben auf</Unicode>
                </TextEquiv>
            </TextLine>
            <TextLine id="r1l5" custom="readingOrder {index:3;}">
                <Coords points="107,316 1264,315 1264,283 1199,274 107,278"/>
                <Baseline points="114,307 171,307 228,307 285,308 342,308 399,308 456,308 514,308 571,308 628,308 685,308 742,308 799,308 856,308 914,309 971,309 1028,309 1085,309 1142,309 1199,309 1257,310"/>
                <TextEquiv>
                    <Unicode>dem Bilde nebeneinander angebracht, so dass wir beliebig oft zu</Unicode>
                </TextEquiv>
            </TextLine>
            <TextLine id="r1l6" custom="readingOrder {index:4;}">
                <Coords points="104,363 1261,364 1261,323 1222,315 105,323"/>
                <Baseline points="112,349 169,349 226,349 283,350 340,350 397,350 454,350 511,350 568,351 625,351 683,351 740,351 797,351 854,351 911,351 968,351 1025,351 1082,351 1139,351 1196,351 1254,351"/>
                <TextEquiv>
                    <Unicode>einer bereits gesehenen zurückkehren können, wenn wir gleich die</Unicode>
                </TextEquiv>
            </TextLine>
            <TextLine id="r1l7" custom="readingOrder {index:5;}">
                <Coords points="114,403 1259,403 1259,372 1088,356 115,363"/>
                <Baseline points="122,390 178,391 235,391 291,392 348,392 404,392 461,393 517,393 574,393 630,393 687,393 743,393 800,393 856,393 913,393 969,393 1026,393 1082,393 1139,393 1195,393 1252,393"/>
                <TextEquiv>
                    <Unicode>Theile des Bildes nur nach einander auffassen. Die Farben bieten</Unicode>
                </TextEquiv>
            </TextLine>
            <TextLine id="r1l8" custom="readingOrder {index:6;}">
                <Coords points="112,444 1264,451 1264,410 1152,403 112,405"/>
                <Baseline points="119,434 175,435 232,435 289,435 346,435 403,435 460,436 516,436 573,436 630,436 687,436 744,436 801,435 858,435 914,435 971,436 1028,436 1085,436 1142,436 1199,436 1256,437"/>
                <TextEquiv>
                    <Unicode>sich also als gleichzeitig gegenwärtige Qualitäten der Anschauung</Unicode>
                </TextEquiv>
            </TextLine>
            <TextLine id="r1l9" custom="readingOrder {index:7;}">
                <Coords points="103,483 1257,490 1235,443 103,444"/>
                <Baseline points="111,477 170,477 230,477 290,477 350,477 410,477 470,477 530,477 590,477 650,477 710,477 770,477 830,478 890,478 950,478 1010,478 1070,478 1130,478 1190,478 1250,477"/>
                <TextEquiv>
                    <Unicode>dar, werden ohne Schwierigkeit verglichen und ästhetisch verknüpft.</Unicode>
                </TextEquiv>
            </TextLine>
            <TextLine id="r1l10" custom="readingOrder {index:8;}">
                <Coords points="105,531 1261,531 1261,491 1138,484 105,484"/>
                <Baseline points="112,519 169,519 226,519 283,519 340,519 397,519 454,519 511,519 568,519 625,519 683,519 740,519 797,520 854,520 911,520 968,520 1025,520 1082,520 1139,520 1196,520 1254,519"/>
                <TextEquiv>
                    <Unicode>In einem einzigen Falle wird auch eine gegebene Farbe mit einer</Unicode>
                </TextEquiv>
            </TextLine>
            <TextLine id="r1l11" custom="readingOrder {index:9;}">
                <Coords points="105,572 1260,572 1224,532 105,531"/>
                <Baseline points="112,561 169,561 226,562 283,562 340,562 397,562 454,562 511,562 568,562 625,562 682,562 739,562 796,562 853,562 910,562 967,562 1024,562 1081,562 1138,562 1195,562 1252,562"/>
                <TextEquiv>
                    <Unicode>blos gedachten, reproducirten, verglichen: bei der Beurtheilung der</Unicode>
                </TextEquiv>
            </TextLine>
            <TextLine id="r1l12" custom="readingOrder {index:10;}">
                <Coords points="107,612 1264,612 1264,577 107,578"/>
                <Baseline points="114,603 171,603 228,603 285,603 342,603 399,603 456,604 513,604 570,604 627,604 685,604 742,604 799,604 856,604 913,604 970,604 1027,604 1084,604 1141,604 1198,604 1256,604"/>
                <TextEquiv>
                    <Unicode>richtigen oder unrichtigen Färbung von Objecten, die wir aus der</Unicode>
                </TextEquiv>
            </TextLine>
            <TextLine id="r1l13" custom="readingOrder {index:11;}">
                <Coords points="104,658 1263,660 1263,619 1166,612 104,613"/>
                <Baseline points="111,647 168,647 225,647 282,647 340,647 397,647 454,647 511,647 569,647 626,647 683,647 740,647 798,647 855,647 912,647 969,647 1027,647 1084,647 1141,647 1198,647 1256,647"/>
                <TextEquiv>
                    <Unicode>Erfahrung kennen. Aber hier ist der eine der verglichenen Puncte</Unicode>
                </TextEquiv>
            </TextLine>
            <TextLine id="r1l14" custom="readingOrder {index:12;}">
                <Coords points="108,700 1266,700 1266,661 108,664"/>
                <Baseline points="115,688 172,688 229,688 286,689 343,689 400,689 457,689 515,689 572,689 629,689 686,689 743,689 800,689 857,689 915,689 972,689 1029,689 1086,689 1143,689 1200,688 1258,688"/>
                <TextEquiv>
                    <Unicode>eben durch die uns bekannte Erscheinung in der Aussenwelt fixirt</Unicode>
                </TextEquiv>
            </TextLine>
            <TextLine id="r1l15" custom="readingOrder {index:13;}">
                <Coords points="104,739 1246,739 1254,700 104,708"/>
                <Baseline points="111,731 167,731 224,731 281,731 338,731 395,731 451,731 508,731 565,731 622,731 679,731 735,731 792,731 849,731 906,731 963,731 1019,731 1076,731 1133,731 1190,731 1247,731"/>
                <TextEquiv>
                    <Unicode>und das Verhältniss beider Farben das allereinfachste: die Identi¬</Unicode>
                </TextEquiv>
            </TextLine>
            <TextLine id="r1l16" custom="readingOrder {index:14;}">
                <Coords points="105,785 1239,787 1259,743 105,747"/>
                <Baseline points="112,774 169,774 226,774 283,774 340,774 397,774 454,774 511,774 568,774 625,774 682,774 739,774 796,774 853,774 910,774 967,774 1024,774 1081,774 1138,774 1195,773 1252,773"/>
                <TextEquiv>
                    <Unicode>tät, d. h. die Naturtreue. Das Gedächtniss hat also bei der Auf¬</Unicode>
                </TextEquiv>
            </TextLine>
            <TextLine id="r1l17" custom="readingOrder {index:15;}">
                <Coords points="103,827 1255,825 1255,792 1102,780 103,788"/>
                <Baseline points="110,815 166,815 223,815 280,815 337,815 394,815 451,815 508,815 565,815 622,815 679,816 735,816 792,816 849,816 906,816 963,816 1020,816 1077,816 1134,816 1191,815 1248,815"/>
                <TextEquiv>
                    <Unicode>fassung der malerischen Farbenverhältnisse nur eine ziemlich unter¬</Unicode>
                </TextEquiv>
            </TextLine>
            <TextLine id="r1l18" custom="readingOrder {index:16;}">
                <Coords points="103,873 1245,868 1265,829 103,837"/>
                <Baseline points="110,857 167,857 224,857 282,857 339,858 397,858 454,858 511,858 569,858 626,858 684,858 741,858 798,858 856,858 913,858 971,858 1028,858 1085,858 1143,858 1200,858 1258,858"/>
                <TextEquiv>
                    <Unicode>geordnete Rolle inne. Deshalb hat es die Malerei auch nicht</Unicode>
                </TextEquiv>
            </TextLine>
            <TextLine id="r1l19" custom="readingOrder {index:17;}">
                <Coords points="108,909 1257,905 1257,878 1142,866 108,875"/>
                <Baseline points="116,900 172,900 229,899 286,899 342,899 399,899 456,899 512,899 569,899 626,899 683,899 739,899 796,899 853,899 909,899 966,899 1023,899 1079,899 1136,899 1193,899 1250,899"/>
                <TextEquiv>
                    <Unicode>nöthig, aus dem Continuum des Farbenspectrums nur eine be¬</Unicode>
                </TextEquiv>
            </TextLine>
            <TextLine id="r1l20" custom="readingOrder {index:18;}">
                <Coords points="103,955 1255,955 1255,914 103,922"/>
                <Baseline points="110,942 166,942 223,942 280,941 337,942 394,942 451,942 508,942 565,942 622,942 679,942 735,942 792,942 849,942 906,942 963,942 1020,942 1077,941 1134,941 1191,941 1248,940"/>
                <TextEquiv>
                    <Unicode>schränkte, für immer bestimmte Zahl von „Farbenstufen” heraus¬</Unicode>
                </TextEquiv>
            </TextLine>
            <TextLine id="r1l21" custom="readingOrder {index:19;}">
                <Coords points="103,995 1255,994 1255,961 1207,954 103,961"/>
                <Baseline points="110,983 166,983 223,983 280,984 337,984 394,984 451,984 508,984 565,984 622,984 679,984 735,984 792,984 849,984 906,984 963,984 1020,984 1077,984 1134,984 1191,984 1248,985"/>
                <TextEquiv>
                    <Unicode>zugreifen, womit übrigens nicht gesagt sein will, dass sie in manchen</Unicode>
                </TextEquiv>
            </TextLine>
            <TextLine id="r1l22" custom="readingOrder {index:20;}">
                <Coords points="111,1035 1265,1036 1223,995 111,996"/>
                <Baseline points="118,1025 175,1026 232,1026 289,1026 346,1026 403,1026 460,1026 517,1026 574,1026 631,1026 688,1026 745,1026 802,1026 859,1025 916,1025 973,1025 1030,1025 1087,1026 1144,1026 1201,1026 1258,1026"/>
                <TextEquiv>
                    <Unicode>Fällen aus anderen, ganz besonderen Gründen nicht eine derartige</Unicode>
                </TextEquiv>
            </TextLine>
            <TextLine id="r1l23" custom="readingOrder {index:21;}">
                <Coords points="106,1074 1263,1082 1263,1043 1199,1036 107,1036"/>
                <Baseline points="114,1066 171,1067 228,1067 285,1068 342,1068 399,1068 456,1068 513,1068 570,1068 627,1068 685,1068 742,1068 799,1068 856,1068 913,1068 970,1068 1027,1068 1084,1068 1141,1069 1198,1069 1256,1070"/>
                <TextEquiv>
                    <Unicode>Selbstbeschränkung ausübt. Eine unvergleichlich höhere Bedeutung</Unicode>
                </TextEquiv>
            </TextLine>
            <TextLine id="r1l24" custom="readingOrder {index:22;} concept_mus {offset:50; length:5;}">
                <Coords points="109,1123 1263,1124 1263,1085 1166,1076 109,1076"/>
                <Baseline points="116,1109 173,1110 230,1110 287,1111 344,1111 401,1111 458,1111 515,1111 572,1111 629,1111 686,1110 743,1110 800,1110 857,1110 914,1110 971,1111 1028,1111 1085,1111 1142,1112 1199,1113 1256,1113"/>
                <TextEquiv>
                    <Unicode>hat dagegen das Gedächtniss unseres Gehörs in der Musik; ja</Unicode>
                </TextEquiv>
            </TextLine>
            <TextLine id="r1l25" custom="readingOrder {index:23;} concept_phy {offset:42; length:11;}">
                <Coords points="102,1164 1249,1164 1265,1129 102,1132"/>
                <Baseline points="109,1152 166,1152 223,1153 281,1153 338,1153 396,1153 453,1153 511,1153 568,1153 626,1153 683,1153 740,1153 798,1153 855,1153 913,1153 970,1153 1028,1153 1085,1153 1143,1153 1200,1153 1258,1153"/>
                <TextEquiv>
                    <Unicode>man darf wohl sagen, dass das Capitel vom Gedächtniss einer der</Unicode>
                </TextEquiv>
            </TextLine>
            <TextLine id="r1l26" custom="readingOrder {index:24;} concept_mus {offset:8; length:7;} concept_mus {offset:20; length:8;} concept_phy {offset:52; length:7; continued:true;}">
                <Coords points="103,1204 1252,1203 1252,1168 1208,1162 103,1164"/>
                <Baseline points="111,1194 167,1194 224,1194 281,1194 337,1194 394,1195 451,1195 507,1195 564,1195 621,1195 678,1195 734,1195 791,1195 848,1195 904,1195 961,1195 1018,1195 1074,1195 1131,1194 1188,1194 1245,1194"/>
                <TextEquiv>
                    <Unicode>für die Theorie der Tonkunst wichtigsten Theile der Psycho¬</Unicode>
                </TextEquiv>
            </TextLine>
            <TextLine id="line_1626096020864_2984" custom="readingOrder {index:25;} concept_phy {offset:0; length:5; continued:true;}">
                <Coords points="104,1245 154,1252 197,1234 205,1242 251,1242 251,1207 239,1203 224,1209 209,1203 194,1217 169,1204 137,1211 127,1211 120,1204 104,1206"/>
                <Baseline points="112,1236 149,1234 186,1236 200,1233 244,1235"/>
                <TextEquiv>
                    <Unicode>logie ist.</Unicode>
                </TextEquiv>
            </TextLine>
            <TextEquiv>
                <Unicode>Wahl derselben sowie auch der Grösse der Intervalle, steht ihm&#13;
ganz und gar frei: es giebt keine herkömmliche Kunstregel, die&#13;
ihn hierin beschränken könnte. Es sind eben alle Farben auf&#13;
dem Bilde nebeneinander angebracht, so dass wir beliebig oft zu&#13;
einer bereits gesehenen zurückkehren können, wenn wir gleich die&#13;
Theile des Bildes nur nach einander auffassen. Die Farben bieten&#13;
sich also als gleichzeitig gegenwärtige Qualitäten der Anschauung&#13;
dar, werden ohne Schwierigkeit verglichen und ästhetisch verknüpft.&#13;
In einem einzigen Falle wird auch eine gegebene Farbe mit einer&#13;
blos gedachten, reproducirten, verglichen: bei der Beurtheilung der&#13;
richtigen oder unrichtigen Färbung von Objecten, die wir aus der&#13;
Erfahrung kennen. Aber hier ist der eine der verglichenen Puncte&#13;
eben durch die uns bekannte Erscheinung in der Aussenwelt fixirt&#13;
und das Verhältniss beider Farben das allereinfachste: die Identi¬&#13;
tät, d. h. die Naturtreue. Das Gedächtniss hat also bei der Auf¬&#13;
fassung der malerischen Farbenverhältnisse nur eine ziemlich unter¬&#13;
geordnete Rolle inne. Deshalb hat es die Malerei auch nicht&#13;
nöthig, aus dem Continuum des Farbenspectrums nur eine be¬&#13;
schränkte, für immer bestimmte Zahl von „Farbenstufen” heraus¬&#13;
zugreifen, womit übrigens nicht gesagt sein will, dass sie in manchen&#13;
Fällen aus anderen, ganz besonderen Gründen nicht eine derartige&#13;
Selbstbeschränkung ausübt. Eine unvergleichlich höhere Bedeutung&#13;
hat dagegen das Gedächtniss unseres Gehörs in der Musik; ja&#13;
man darf wohl sagen, dass das Capitel vom Gedächtniss einer der&#13;
für die Theorie der Tonkunst wichtigsten Theile der Psycho¬&#13;
logie ist.</Unicode>
            </TextEquiv>
        </TextRegion>
        <TextRegion orientation="0.0" id="TextRegion_1626095979732_2936" custom="readingOrder {index:2;} structure {type:paragraph-continued;}">
            <Coords points="105,1245 1263,1245 1263,1718 105,1718"/>
            <TextLine id="r1l29" custom="readingOrder {index:0;}">
                <Coords points="192,1284 1253,1284 1253,1247 1214,1244 192,1244"/>
                <Baseline points="199,1276 251,1276 303,1276 356,1276 408,1276 460,1276 513,1276 565,1276 617,1276 670,1277 722,1277 774,1277 827,1277 879,1277 931,1277 984,1277 1036,1276 1088,1276 1141,1275 1193,1275 1246,1274"/>
                <TextEquiv>
                    <Unicode>Zunächst wird es darauf ankommen, das Merken und Wieder¬</Unicode>
                </TextEquiv>
            </TextLine>
            <TextLine id="r1l30" custom="readingOrder {index:1;} m_note {offset:29; length:4;}">
                <Coords points="104,1329 1127,1330 1262,1324 1262,1291 104,1292"/>
                <Baseline points="111,1317 168,1317 225,1317 282,1317 339,1317 397,1317 454,1318 511,1318 568,1318 625,1318 683,1318 740,1318 797,1318 854,1318 911,1318 969,1317 1026,1317 1083,1317 1140,1317 1197,1316 1255,1316"/>
                <TextEquiv>
                    <Unicode>erkennen der einmal gehörten Töne zu erleichtern. Dies würde</Unicode>
                </TextEquiv>
            </TextLine>
            <TextLine id="line_1626096029153_3003" custom="readingOrder {index:2;} concept_mus {offset:24; length:7;} m_note {offset:58; length:5;}">
                <Coords points="107,1371 1264,1372 1264,1328 107,1332"/>
                <Baseline points="115,1360 140,1360 165,1360 190,1359 215,1359 240,1359 265,1359 290,1359 315,1359 340,1359 365,1359 390,1359 415,1359 440,1359 465,1360 487,1358 525,1359 563,1359 602,1359 640,1359 679,1360 717,1360 756,1360 794,1359 833,1359 871,1359 909,1359 948,1359 986,1359 1025,1359 1063,1358 1102,1358 1140,1358 1179,1359 1217,1359 1256,1359"/>
                <TextEquiv>
                    <Unicode>kaum gelingen, wenn der Musiker eine allzugrosse Zahl von Tönen</Unicode>
                </TextEquiv>
            </TextLine>
            <TextLine id="r1l33" custom="readingOrder {index:3;} concept_mus {offset:10; length:11;}">
                <Coords points="102,1411 1261,1411 1261,1372 102,1371"/>
                <Baseline points="110,1400 167,1400 224,1400 281,1400 338,1400 396,1400 453,1400 510,1400 567,1400 624,1400 682,1400 739,1400 796,1400 853,1400 910,1400 968,1400 1025,1400 1082,1400 1139,1400 1196,1400 1254,1400"/>
                <TextEquiv>
                    <Unicode>in seiner Composition anwenden wollte. Je weniger verschiedene</Unicode>
                </TextEquiv>
            </TextLine>
            <TextLine id="r1l34" custom="readingOrder {index:4;} m_note {offset:0; length:4;}">
                <Coords points="109,1452 1252,1452 1264,1419 109,1411"/>
                <Baseline points="116,1440 173,1440 230,1440 287,1441 344,1441 401,1441 458,1441 515,1441 572,1441 629,1441 686,1441 743,1441 800,1441 857,1441 914,1441 971,1441 1028,1441 1085,1441 1142,1441 1199,1441 1256,1441"/>
                <TextEquiv>
                    <Unicode>Töne benützt werden, desto leichter hat es das Gedächtniss, desto</Unicode>
                </TextEquiv>
            </TextLine>
            <TextLine id="r1l35" custom="readingOrder {index:5;} concept_mus {offset:28; length:9;}">
                <Coords points="103,1490 1258,1489 1241,1452 103,1452"/>
                <Baseline points="110,1481 167,1481 224,1482 281,1482 338,1482 395,1482 452,1482 509,1483 566,1483 623,1483 680,1482 737,1482 794,1482 851,1482 908,1482 965,1482 1022,1482 1079,1482 1136,1482 1193,1482 1251,1482"/>
                <TextEquiv>
                    <Unicode>besser lässt sich das ganze Tongewebe überschauen, lassen sich die</Unicode>
                </TextEquiv>
            </TextLine>
            <TextLine id="r1l36" custom="readingOrder {index:6;}">
                <Coords points="109,1532 1124,1540 1264,1530 1264,1498 109,1499"/>
                <Baseline points="116,1524 173,1524 230,1523 287,1523 344,1523 401,1523 458,1523 515,1523 572,1523 629,1523 686,1523 743,1523 800,1524 857,1523 914,1523 971,1523 1028,1523 1085,1523 1142,1523 1199,1522 1257,1522"/>
                <TextEquiv>
                    <Unicode>mannigfaltigen Beziehungen nicht nur zwischen gleichzeitigen oder</Unicode>
                </TextEquiv>
            </TextLine>
            <TextLine id="r1l37" custom="readingOrder {index:7;} concept_mus {offset:40; length:7;}">
                <Coords points="109,1580 1263,1571 1247,1532 109,1532"/>
                <Baseline points="117,1565 173,1565 230,1565 287,1565 344,1565 401,1565 458,1565 515,1565 572,1565 629,1565 686,1565 742,1566 799,1566 856,1565 913,1565 970,1565 1027,1565 1084,1565 1141,1565 1198,1565 1255,1565"/>
                <TextEquiv>
                    <Unicode>doch unmittelbar auf einander folgenden Klängen, sondern auch</Unicode>
                </TextEquiv>
            </TextLine>
            <TextLine id="r1l38" custom="readingOrder {index:8;} m_note {offset:9; length:5;} m_chord {offset:19; length:8;}">
                <Coords points="98,1619 1031,1627 1259,1614 1259,1578 98,1585"/>
                <Baseline points="105,1608 162,1608 219,1608 276,1607 334,1607 391,1607 448,1607 506,1607 563,1607 620,1607 678,1608 735,1608 792,1608 849,1608 907,1608 964,1608 1021,1608 1079,1607 1136,1607 1193,1607 1251,1606"/>
                <TextEquiv>
                    <Unicode>zwischen Tönen und Accorden herausfinden, die gar weit von</Unicode>
                </TextEquiv>
            </TextLine>
            <TextLine id="r1l39" custom="readingOrder {index:9;} textStyle {offset:24; length:28;fontSize:0.0; kerning:0; letterSpaced:true;} concept_mus {offset:48; length:4; continued:true;}">
                <Coords points="101,1659 1251,1657 1183,1620 101,1627"/>
                <Baseline points="109,1650 165,1650 222,1650 279,1650 335,1650 392,1650 449,1650 505,1650 562,1650 619,1650 676,1650 732,1650 789,1650 846,1650 902,1650 959,1650 1016,1650 1072,1650 1129,1650 1186,1649 1243,1649"/>
                <TextEquiv>
                    <Unicode>einander entfernt sind. Das Bedürfniss, gewisse Ton¬</Unicode>
                </TextEquiv>
            </TextLine>
            <TextLine id="r1l40" custom="readingOrder {index:10;} textStyle {offset:0; length:44;fontSize:0.0; kerning:0; letterSpaced:true;} concept_mus {offset:0; length:6; continued:true;}">
                <Coords points="105,1707 1165,1708 1267,1699 1267,1666 105,1668"/>
                <Baseline points="112,1691 169,1692 226,1692 284,1692 341,1692 399,1693 456,1693 513,1693 571,1693 628,1693 686,1693 743,1693 800,1693 858,1693 915,1693 973,1693 1030,1693 1087,1693 1145,1693 1202,1693 1260,1693"/>
                <TextEquiv>
                    <Unicode>stufen festzustellen, ist also unbestreitbar. *) Es</Unicode>
                </TextEquiv>
            </TextLine>
            <TextEquiv>
                <Unicode>Zunächst wird es darauf ankommen, das Merken und Wieder¬&#13;
erkennen der einmal gehörten Töne zu erleichtern. Dies würde&#13;
kaum gelingen, wenn der Musiker eine allzugrosse Zahl von Tönen&#13;
in seiner Composition anwenden wollte. Je weniger verschiedene&#13;
Töne benützt werden, desto leichter hat es das Gedächtniss, desto&#13;
besser lässt sich das ganze Tongewebe überschauen, lassen sich die&#13;
mannigfaltigen Beziehungen nicht nur zwischen gleichzeitigen oder&#13;
doch unmittelbar auf einander folgenden Klängen, sondern auch&#13;
zwischen Tönen und Accorden herausfinden, die gar weit von&#13;
einander entfernt sind. Das Bedürfniss, gewisse Ton¬&#13;
stufen festzustellen, ist also unbestreitbar. *) Es</Unicode>
            </TextEquiv>
        </TextRegion>
        <TextRegion orientation="0.0" type="footnote" id="TextRegion_1626095977477_2932" custom="readingOrder {index:3;} structure {type:footnote;}">
            <Coords points="105,1718 1263,1718 1263,2053 105,2053"/>
            <TextLine id="r1l41" custom="readingOrder {index:0;} concept_mus {offset:19; length:9;}">
                <Coords points="186,1777 1266,1775 1231,1739 186,1741"/>
                <Baseline points="193,1766 246,1768 299,1769 352,1770 406,1771 459,1772 512,1772 565,1772 619,1772 672,1772 725,1772 778,1772 832,1771 885,1771 938,1771 991,1771 1045,1770 1098,1770 1151,1770 1204,1770 1258,1771"/>
                <TextEquiv>
                    <Unicode>*) Die Zahl dieser Tonstufen hängt theoretisch von der Stufe der</Unicode>
                </TextEquiv>
            </TextLine>
            <TextLine id="r1l42" custom="readingOrder {index:1;} concept_mus {offset:30; length:12;}">
                <Coords points="102,1812 1262,1813 1262,1778 1188,1774 102,1774"/>
                <Baseline points="109,1804 166,1804 223,1804 280,1805 338,1805 395,1805 452,1805 509,1806 567,1806 624,1806 681,1806 738,1806 796,1806 853,1805 910,1805 967,1805 1025,1805 1082,1805 1139,1804 1196,1804 1254,1804"/>
                <TextEquiv>
                    <Unicode>Entwickelung des betreffenden Musiksystems ab, wird aber auch durch die</Unicode>
                </TextEquiv>
            </TextLine>
            <TextLine id="r1l43" custom="readingOrder {index:2;} concept_mus {offset:18; length:17;}">
                <Coords points="108,1846 1262,1849 1262,1819 1191,1811 108,1812"/>
                <Baseline points="115,1839 174,1839 234,1839 294,1839 354,1839 414,1839 474,1839 534,1840 594,1840 654,1840 714,1840 774,1840 834,1840 894,1840 954,1839 1014,1839 1074,1839 1134,1839 1194,1839 1254,1838"/>
                <TextEquiv>
                    <Unicode>Erfordernisse der praktischen Musik bestimmt. Dem Einflusse der letzteren</Unicode>
                </TextEquiv>
            </TextLine>
            <TextLine id="r1l44" custom="readingOrder {index:3;} m_interval {offset:46; length:6;}">
                <Coords points="106,1881 1261,1884 1237,1845 106,1845"/>
                <Baseline points="113,1872 170,1872 227,1872 284,1873 341,1873 398,1873 455,1873 512,1873 569,1873 626,1873 683,1873 740,1873 797,1873 854,1873 911,1873 968,1873 1025,1873 1082,1873 1139,1873 1196,1872 1254,1872"/>
                <TextEquiv>
                    <Unicode>ist es zuzuschreiben, dass wir heutzutage die Octave thatsächlich nur in</Unicode>
                </TextEquiv>
            </TextLine>
            <TextLine id="r1l45" custom="readingOrder {index:4;} m_interval {offset:3; length:17;} concept_phy {offset:49; length:5;}">
                <Coords points="106,1915 1257,1912 1257,1883 1192,1879 106,1879"/>
                <Baseline points="113,1906 169,1906 226,1906 283,1907 340,1907 397,1907 453,1907 510,1907 567,1907 624,1907 681,1907 737,1907 794,1907 851,1907 908,1907 965,1907 1021,1906 1078,1906 1135,1906 1192,1906 1249,1905"/>
                <TextEquiv>
                    <Unicode>12 Halbtonintervalle theilen, während doch unser Gehör, und im Anschlusse</Unicode>
                </TextEquiv>
            </TextLine>
            <TextLine id="r1l46" custom="readingOrder {index:5;} concept_mus {offset:21; length:7;} concept_mus {offset:37; length:7;}">
                <Coords points="100,1947 1265,1946 1255,1912 100,1915"/>
                <Baseline points="107,1940 164,1940 222,1940 279,1940 337,1940 394,1940 452,1940 509,1941 567,1941 624,1941 682,1941 740,1941 797,1940 855,1940 912,1940 970,1940 1027,1940 1085,1940 1142,1940 1200,1939 1258,1939"/>
                <TextEquiv>
                    <Unicode>an dasselbe auch die Theorie unseres Systems, eine viel grössere Zahl</Unicode>
                </TextEquiv>
            </TextLine>
            <TextLine id="r1l47" custom="readingOrder {index:6;} concept_mus {offset:4; length:9;} concept_mus {offset:39; length:27;}">
                <Coords points="109,1987 1159,1987 1263,1980 1263,1947 109,1955"/>
                <Baseline points="116,1973 173,1974 230,1974 287,1974 344,1974 401,1975 458,1975 515,1975 572,1975 629,1975 686,1975 743,1974 800,1974 857,1974 914,1974 971,1974 1028,1973 1085,1973 1142,1973 1199,1973 1256,1972"/>
                <TextEquiv>
                    <Unicode>von Tonstufen kennen, indem sie ja die enharmonischen Unterschiede</Unicode>
                </TextEquiv>
            </TextLine>
            <TextLine id="r1l48" custom="readingOrder {index:7;} concept_mus {offset:29; length:10;} concept_mus {offset:45; length:11;} concept_mus {offset:65; length:6; continued:true;}">
                <Coords points="104,2019 1255,2018 1218,1980 104,1987"/>
                <Baseline points="112,2008 168,2008 225,2008 282,2008 339,2008 396,2008 452,2008 509,2008 566,2008 623,2008 680,2008 736,2008 793,2008 850,2008 907,2008 964,2008 1020,2008 1077,2008 1134,2008 1191,2007 1248,2007"/>
                <TextEquiv>
                    <Unicode>sowie jene der verschiedenen Stimmungen (der natürlichen und der pytha¬</Unicode>
                </TextEquiv>
            </TextLine>
            <TextLine id="r1l49" custom="readingOrder {index:8;} concept_mus {offset:0; length:10; continued:true;}">
                <Coords points="102,2059 528,2051 528,2019 102,2019"/>
                <Baseline points="109,2043 134,2042 160,2042 186,2042 212,2041 237,2041 263,2041 289,2042 315,2042 340,2042 366,2042 392,2042 418,2042 443,2042 469,2042 495,2042 521,2041"/>
                <TextEquiv>
                    <Unicode>goräischen) nicht ignoriren.</Unicode>
                </TextEquiv>
            </TextLine>
            <TextEquiv>
                <Unicode>*) Die Zahl dieser Tonstufen hängt theoretisch von der Stufe der
Entwickelung des betreffenden Musiksystems ab, wird aber auch durch die
Erfordernisse der praktischen Musik bestimmt. Dem Einflusse der letzteren
ist es zuzuschreiben, dass wir heutzutage die Octave thatsächlich nur in
12 Halbtonintervalle theilen, während doch unser Gehör, und im Anschlusse
an dasselbe auch die Theorie unseres Systems, eine viel grössere Zahl
von Tonstufen kennen, indem sie ja die enharmonischen Unterschiede
sowie jene der verschiedenen Stimmungen (der natürlichen und der pytha¬
goräischen) nicht ignoriren.</Unicode>
            </TextEquiv>
        </TextRegion>
    </Page>
</PcGts>
