1407 2241
666 67 733 115 46
118 156 1271 196 coincidirenden und schwebenden Obertönen, als auch v. Oettin¬
114 202 1270 243 gen's „duales” Harmoniesystem in den wesentlichsten Puncten
117 235 1274 284 kennen gelernt haben, wollen wir versuchen, uns ein eigenes
111 283 1275 322 Urtheil über diese Theorien und ihr gegenseitiges Verhältniss zu
114 324 443 363 einander zu bilden.
401 419 973 469 § 10. Kritische Erwägungen.
198 492 1273 530 Zunächst müssen wir constatiren, dass es v. Oettingen doch
105 533 1267 572 nicht so vollkommen gelungen ist, sich von dem Fehler, den er
114 570 1271 619 der Lehre Helmholtz's mit Recht vorgehalten hat, zu eman¬
112 624 1267 660 cipiren. Wenn die Obertöne mit ihren Coincidenzen und ihren
111 659 1258 699 Schwebungen in der That ein „mannigfach variirendes Phänomen”
108 700 1271 744 sind, so ist es wohl kaum zulässig, den phonischen Oberton als
114 741 1271 787 einen „reellen” Klang dem blos „virtuellen” tonischen Grund¬
112 786 1261 827 tone entgegenzustellen *); denn dies würde eben wieder die allge¬
110 827 1272 868 meine reelle Existenz der Obertöne voraussetzen. Wollten wir uns
106 873 1272 922 auf die im Ohre entstehenden harmonischen Obertöne berufen, so
106 915 1265 963 verlieren wir das Recht, an Helmholtz's Lehre etwas auszusetzen;
116 955 1265 995 denn für die Schwebungen sind jene entotischen Empfindungen
106 995 1270 1043 gerade so massgebend, wie für die Coincidenz der Obertöne — und
108 1036 1259 1084 um eine solche kann es sich bei v. Oettingen's „Phonicität”
111 1082 1271 1124 nur handeln, sobald von einem „reellen” phonischen Obertone die
111 1124 1269 1163 Rede ist. Ja, wenn man auf die Combinationstöne reflectirt, so
112 1162 1272 1203 wäre man gerade versucht, den tonischen Grundton „reell” zu
111 1203 1273 1244 nennen — von den Folgerungen, die sich aus der Hypothese von
112 1244 1260 1292 den subjectiven harmonischen Untertönen ziehen liessen, zu ge¬
114 1286 292 1331 schweigen.
196 1324 1266 1367 Wir müssen daher annehmen, dass nicht nur der ton. Grund¬
108 1371 1274 1416 ton, sondern auch der phon. Oberton blos ein virtueller Klang
108 1412 1261 1451 ist, wenn wir an der von A. v. Oettingen beabsichtigten Allge¬
107 1451 1271 1490 meinheit seines Princips festhalten, das ja auf „tieferen psycho¬
113 1491 1261 1539 logischen” Grundlagen beruhen soll. Hier ist wieder an Helm¬
112 1531 1263 1579 holtz anzuknüpfen. Dieser beachtet nämlich die mögliche Ein¬
108 1587 1272 1627 wendung, dass bekanntermassen die harmonische Bedeutung der
110 1619 1266 1659 Intervalle unabhängig ist von der Klangfarbe, d. h. von der Exi¬
107 1660 1271 1707 stenz und Intensität, also auch von der Coincidenz und den
102 1707 1271 1748 Schwebungen der Partialtöne, und sagt **): „In der That habe
108 1746 1270 1788 ich schon angeführt, dass zwei gedackte Pfeifen, deren Intervall
101 1787 1273 1828 zwischen grosser und kleiner Terz liegt, eine ganz ebenso gute
109 1828 1263 1874 Consonanz geben, als wenn das Intervall genau einer grossen oder
105 1879 1264 1923 genau einer kleinen Terz entspräche. Ich will damit nicht be¬
189 1968 716 2017 *) v. Oettingen a. a. O. S. 46.
177 2003 1022 2037 **) „Die Lehre von den Tonempfindungen.” S. 317.
