1407 2241
690 66 746 115 57
142 155 1296 196 werden. Dabei muss man jedenfalls annehmen, dass die Einflüsse
147 194 1294 243 der gehörten Klänge auf den musikalischen Sinn des Individuums
143 244 1234 283 mit dem Tode desselben nicht spurlos verschwinden. Es findet —
146 283 1288 323 wie man nach den verschiedensten Analogien wohl auch hier anzu¬
144 322 1299 370 nehmen berechtigt ist — eine doppelte Forterbung der Spuren
147 366 1297 411 dieser Einflüsse, d. h. der dadurch erzielten Resultate statt. Zu¬
145 412 1298 451 nächst eine Vererbung im engsten Sinne des Wortes, von den
143 452 1301 491 Aeltern auf die Kinder. Die Anpassung des Gehörorgans an
147 492 1297 540 das Stimmorgan von der Erblichkeit auszuschliessen ist um so
146 538 1296 580 weniger ein Grund vorhanden, als man überall, wo es sich um
139 579 1295 628 diesen Punct handelt, mit Vorliebe gerade Beispiele von Vererbung
147 619 1297 659 musikalischer Fähigkeiten citirt findet. Sodann geschieht eine
147 660 1295 708 Uebertragung dieser fortschreitenden Anpassung auch durch die
145 708 1293 748 unmittelbare Mittheilung einer Generation an die andere, indem
141 747 1304 787 sich das Gehör der Jüngeren an das gewöhnt, was die Alten in
152 787 1291 836 Folge der ganzen bisherigen Entwickelung Musikalisches leisten,
145 828 1293 876 also gewissermassen durch Erziehung. Das letztere Moment kann
142 876 1293 916 allerdings erst dann recht wirksam werden, wenn bereits von einer
146 916 1296 956 wirklichen Ausübung der Tonkunst die Rede sein darf. Auf diese
149 956 1291 1003 Art mögen nun alle die unendlich kleinen Einflüsse und Fort¬
149 996 1295 1050 schritte, die innerhalb eines Menschenlebens sich behauptet haben,
147 1049 1292 1083 nicht nur von Generation zu Generation fortvererbt, sondern durch
146 1083 1295 1124 Hinzutreten neuer Einflüsse und Fortschritte auch gehäuft und
141 1123 1291 1178 gesteigert, mag also das musikalische Gehör sich all¬
147 1176 1301 1212 mählig vervollkommnet haben. Heutzutage, wo das Kind sich
143 1210 1301 1252 die Fortschritte vieltausendjähriger musikalischer Culturarbeit blos
142 1251 1294 1299 anzueignen, nicht sie selbst erst hervorzubringen braucht, geschieht
146 1291 1295 1339 diese Entwickelung allerdings äusserst rasch, namentlich wenn das
140 1339 1300 1386 Kind in einer musikalischen Umgebung aufwächst. Kein Talent,
144 1379 1295 1427 keine Fähigkeit zeigt sich in so früher Jugend, wie die Begabung
146 1417 1301 1460 für die Musik. Dies scheint ein Fingerzeig zu sein, dass die
151 1459 1295 1498 Gehöreindrücke unter günstigen Umständen ganz besonders tiefe
150 1499 775 1547 und dauerhafte Spuren zurücklassen.
228 1540 1298 1588 Es entsteht nun die Frage, wie es denn möglich ist, dass die
147 1583 1301 1628 Angewöhnung an Klänge mit harmonischen Partialtönen auf die
142 1626 1302 1667 Entstehung und Fortbildung des Sinnes für Tonverwandtschaft
150 1673 1294 1708 wirkt, da wir doch die Partialtöne im Klange selbst nicht unter¬
145 1715 1292 1748 scheiden, dieser vielmehr eine vollkommen einheitliche Tonwahr¬
147 1749 1291 1795 nehmung bildet? Erinnern wir uns, dass die Klangfarben der musi¬
143 1787 1296 1835 kalischen Tonwerkzeuge, also die Intensitätsverhältnisse der ein¬
146 1843 1303 1883 zelnen harmonischen Theiltöne in der mannigfaltigsten Weise
149 1883 1295 1916 wechseln. Wenn jeder Grundton ohne Ausnahme nicht nur von
147 1916 1299 1963 denselben, sondern überdies auch stets von gleich starken Obertönen
147 1963 1299 2003 begleitet wäre, so dass es nur eine einzige Klangfarbe gäbe, dann
146 2004 1305 2043 würde von den Obertönen genau dasselbe gelten, was wir schon
