1407 2241
573 68 788 116 — 110 —
109 522 1272 564 Der Hauptgrund der üblen Wirkung ist jedenfalls im tonalen Dua¬
109 564 1268 603 lismus überhaupt zu suchen. Die Querstände tragen dann zur
113 604 1265 650 Rauhigkeit der Folgen allerdings in entsprechendem Masse bei.
106 644 1269 692 Zugleich ersieht man aus diesem Beispiele, dass es durchaus nicht
108 692 1268 731 die Quinte allein ist, deren Parallelen das moderne musikalische
107 732 1266 771 Gehör unangenehm berühren, sondern dass die Parallelen anderer
113 771 1272 819 Intervalle um nichts besser sind.*) Man braucht sich auch nicht
110 819 1258 860 auf consonante Intervalle zu beschränken: Septimen- oder Tritonus¬
110 859 1263 905 parallelen werden sogar durch die getäuschte Erwartung einer
115 899 865 944 Dissonanzauflösung nur noch unerträglicher.
195 940 1263 987 Bisher hatten wir nur den Parallelismus von ganzen melo¬
109 987 1270 1026 dischen Phrasen, welche schon eine gewisse tonale Bedeutung be¬
110 1027 1272 1066 sitzen, vor Augen. Wenn es sich jedoch um einzelne Parallel¬
106 1068 1272 1117 schritte mitten in einem sonst polyphonen Satze handelt, macht
110 1114 1265 1163 sich ein anderes Princip geltend. Man höre folgende zweistimmige
112 1151 1164 1195 Fortschreitungen an, die sämmtlich von c+ nach d“ führen:
108 1373 1264 1420 Hier zeigt sich schon ein unverkennbarer Unterschied. Die Quinten¬
115 1418 1264 1460 folge ist die schroffste; die übrigen verlieren aber allmählig diese
113 1460 1271 1499 Schroffheit zum guten Theile, so dass die Parallele der kleinen
119 1499 1269 1539 Terz und der kleinen Sexte bereits ganz erträglich ist. Die Reihen¬
115 1539 1274 1587 folge, in welcher hier die Intervalle verzeichnet sind, entspricht
202 1631 1270 1682 *) Die häufig vorkommenden diatonischen Terzen- und
115 1668 1274 1716 Sextengänge sind offenbar keine Parallelen. Die Folge: c—e.
111 1715 1266 1752 —F . . . 6—0 besteht z. B. aus drei verschiedenen Intervallen, einer
110 1746 1276 1781 grossen, einer pythagoräischen und einer natürlichen kleinen Terz. Bei
111 1777 1271 1819 längeren chromatischen Parallelen kommt natürlich die Tonalität der
113 1811 1274 1851 einzelnen Stimmen ausser Betracht, es entscheidet da nur die Klangfolge
116 1845 1267 1884 der betreffenden Zweiklänge oder Accorde, so dass der im Folgenden zu
119 1883 1273 1916 erwähnende Gesichtspunkt der massgebende ist. In der That werden
114 1908 1270 1948 chromatische Gänge von kleinen Terzen und selbst im zweistimmigen
117 1944 1273 1987 Satze unbedenklich angewendet, während man eben solche Gänge von
116 1979 1269 2019 Quinten überall, von Quarten wenigstens im zweistimmigen Satze ver¬
111 2011 225 2052 meidet.
