1407 2241
655 75 725 116 28
114 156 1277 204 Da nun die Tonhöhe von der Schwingungszahl abhängt, diese aber
110 203 1263 252 nur nach einer zweifachen entgegengesetzten Richtung sich ändern,
116 243 1267 285 d. h. entweder wachsen oder abnehmen kann, so ist es klar, dass
120 283 1272 331 sich auch unsere Empfindungen in eine Reihe stellen werden, die
114 324 1270 371 ihrer Richtung nach einerseits dem Steigen, andererseits dem Sinken
118 372 1266 410 der Schwingungszahl entspricht. Die den höheren Schwingungs¬
116 412 1266 455 zahlen entsprechenden Empfindungen nennt man bekanntlich die
117 452 1265 507 „höheren“ Töne, die anderen die „tieferen“. Die Tonreihe wird
116 505 1268 540 also nur Eine Dimension haben, sich durch eine Gerade ver¬
118 539 410 580 bildlichen lassen.
197 582 1277 627 Aber die Qualität der Tonempfindung sagt uns doch nichts
116 633 1269 668 von einer Schwingungszahl; wie kommt es nun, dass wir die nur
119 668 1268 707 um weniges verschiedenen Schwingungszahlen entsprechenden Ton¬
111 712 1270 749 empfindungsqualitäten auch nebeneinander stellen? Würde von
109 747 1271 804 jedem objectiven Ton nur ein einziges Nervenende gereizt, und
114 800 1264 836 zwar bei anderer Höhe auch jedesmal ein anderes, so könnte offen¬
116 835 1272 880 bar ohne Mitwirkung einer anderen Gruppe von Sinnesempfindung
113 881 1274 916 sich keine Reihe bilden — man müsste denn seine Zuflucht bei
120 916 1267 964 der Annahme suchen, dass die specifisch verschiedenen Empfin¬
119 962 1271 1011 dungsqualitäten bereits an und für sich a priori abgestuft und
114 1003 1276 1051 gleichsam zu einem bequemeren Gebrauch der Seele vorsorglich in
117 1043 1269 1091 eine Reihe geordnet seien. Einer solchen Voraussetzung bedarf es
115 1091 1270 1131 aber nicht. Die Tonwahrnehmungen sind eben durchaus nicht ein¬
111 1131 1266 1170 fach, sondern vielmehr aus einer Menge*) einfacher Empfindungs¬
114 1172 1269 1211 elemente zusammengesetzt, die einer gewissen Reihe von ihrer ört¬
118 1213 1272 1259 lichen Lage nach wohl benachbarten Nervenenden entsprechen;
119 1254 1272 1293 ändert sich nun die Tonhöhe ein wenig, so ist es nicht eine ganz
114 1299 1263 1347 und gar neue Reihe von Nervenenden, die dann thätig wird, son¬
115 1339 1241 1379 dern ein guter Theil von ihnen verbleibt in seiner Function -
121 1378 1269 1419 wenn auch unter veränderten quantitativen Verhältnissen — und
109 1419 1280 1460 nur eine gewisse Anzahl wird durch neue ersetzt. Ebenso ist es
114 1459 1267 1499 mit der Wahrnehmung: durch zwei der Höhe nach nur wenig ver¬
200 1571 1273 1611 *) Wenn es die „Corti'schen Bögen“ oder „Pfeiler“ sind, welche
114 1604 1275 1651 die Bewegungen der Membrana basilaris an die Nervenenden übermitteln,
115 1644 1270 1685 so entfallen nach Kölliker’s Zählung und Helmholtz's Vertheilung
121 1677 1273 1718 (s. Helmholtz a. a. O. S. 230) etwa 400 solcher mitschwingender Theil¬
120 1717 1269 1747 chen auf eine jede Octave oder 33,3 auf jeden Halbton. Da es nun wahr¬
114 1740 1272 1788 scheinlich ist, dass eine merkliche Erregung der betreffenden Organe auch
115 1778 1277 1819 dann stattfindet, wenn der objective Ton um eine kleine Secunde von dem
110 1809 1275 1851 Eigentone derselben abweicht und dies natürlich in beiden Richtungen
117 1846 1272 1883 Geltung hat, so werden etwa 66 verschiedene benachbarte Nervenendapparate
114 1880 1269 1915 durch jeden einfachen Ton in ungleichem Grade merklich afficirt, also
121 1915 1273 1948 wohl ebensoviele einfache Empfindungselemente ausgelöst. Nach Hensen's
122 1945 1279 1986 Schätzung ist die Zahl der Corti'schen Pfeiler eine grössere, daher auch
116 1981 1279 2026 die übrigen Ziffern höher ausfallen müssten (vgl. Preyer a. a. O. S. 41,
120 2014 220 2059 Anm.)
