1407 2241
659 58 725 107 72
192 147 1273 187 Alle übrigen Deutungen sind schon entfernter. Z. B.: für
110 187 1272 233 temp. c:cis ist c:cis{{ vermittelt durch a{ oder e{, also durch
120 235 1275 283 Terzenschritte, während bei c:des} ein Quintenschritt und ein
115 283 1269 327 Terzenschritt vermittelt. Für temp. c:d ist c:d durch a{ oder f
124 324 1272 379 (also ein Quinten und ein Terzenschritt, aber c:d zwei Quinten)
123 363 1267 413 vermittelt; ferner ist c:gis{{ durch e{ mittelbar, c:as} aber un¬
113 404 1266 457 mittelbar verwandt; c—ces}} durch as} oder es}, also ohne Quinten¬
113 459 828 507 schritt, c—h{ aber mit demselben u. s. f.
359 564 1032 618 § 13. Die Dissonanz. Allgemeines.
195 643 1276 683 Wenn wir innerhalb der Octave bleiben, so finden wir (nebst
115 684 1271 739 dieser) nur sechs zweistimmige Consonanzen: die Quinte,
113 731 1266 773 Quarte, beide Terzen und beide Sexten. Alle übrigen Intervalle
115 772 1267 820 stehen ausserhalb der unmittelbaren Verwandtschaft, also auch
116 821 1274 866 ausserhalb des Gebietes der Consonanz, sind im Zusammenklang
107 859 1259 898 an und für sich unbefriedigend, ästhetisch missfällig. Diese Inter¬
115 900 1270 949 valle sind eben die Dissonanzen. Doch ist leicht einzusehen,
110 939 1267 987 dass die in der Tonkunst anwendbaren Dissonanzen nicht etwa
105 987 1267 1028 alle möglichen, aus der continuirlichen Tonlinie willkürlich heraus¬
107 1028 1266 1071 gegriffenen Intervalle sind, sobald dieselben nur nicht consoniren.
112 1068 1265 1113 Die Kunst beschränkt sich auf Zusammenklänge, deren Glieder
114 1114 1269 1156 in irgend einem, wenn auch noch so entfernten Verhältniss, in
116 1155 1266 1196 irgend einer wechselseitigen Beziehung zu einander stehen. Es ist
114 1195 1270 1235 dabei nicht nöthig, ja, bei allgemeinen ästhetischen Erörterungen
117 1236 1263 1275 nicht einmal rathsam, an dies oder jenes bestimmte musikalische
111 1277 1259 1315 System zu denken. Aber jedes System, also auch unser gegen¬
113 1314 1262 1363 wärtiges abendländisches, das ein wahres Meisterwerk des Scharf¬
110 1355 1271 1403 sinnes und Feingefühls unzähliger Generationen ist, baut sich auf
111 1404 1274 1443 nach Grundsätzen der harmonischen Tonverwandtschaft. Zwei
111 1442 1271 1482 beliebige musikalische Töne sind daher entweder
117 1482 1273 1524 unmittelbar oder mittelbar verwandt. Ein Blick auf
119 1523 1268 1571 das zum Schlusse des § 11 gebotene Schema genügt, um uns davon
116 1577 1269 1612 zu überzeugen. Für Zweiklänge, deren Glieder in gar keiner ver¬
118 1612 1267 1651 wandtschaftlichen Beziehung zu einander ständen, ist kein Platz da.
119 1652 1269 1698 Wir können also ganz allgemein sagen: Der Zusammenklang
110 1691 1269 1740 unmittelbar verwandter Töne ist die Consonanz, der
110 1738 1269 1780 Zusammenklang mittelbar verwandter Töne ist die
117 1779 299 1819 Dissonanz.
198 1827 1262 1874 Die Dissonanz ist an und für sich genommen ein ästhetisch
116 1866 1265 1913 missfälliges Verhältniss, ein nicht befriedigender, unschöner
111 1913 1269 1955 Zusammenklang. Mit welchem Rechte wenden wir nun die
112 1954 1272 1995 Dissonanz in der Kunst an und warum stellen wir nicht vielmehr
118 1995 1271 2041 die Regel auf: „die Consonanz soll sein — die Dissonanz soll nicht
