1407 2241
688 59 745 108 91
147 153 1311 196 „phonischer Dreiklang“ beibehalten, so wird dies nichts anderes
137 188 1307 236 sein, als eine für praktische Zwecke abgekürzte Formel für einen
151 235 1304 283 consonanten Dreiklang, dessen einzelne Intervalle nicht Einen,
146 275 1302 322 sondern drei verschiedene, gleichwohl unmittelbar verwandte Klänge
152 323 1302 370 vertreten. Die Auflösung des tonischen Dreiklanges in phonische
145 356 827 404 Theilklänge werden wir ganz umgehen.
237 404 1304 443 Unter Umständen kann sich auch noch eine andere Art der
141 443 1301 491 Zerlegung von Dreiklängen als vortheilhaft erweisen, nämlich
146 484 1221 531 in die tonischen Klänge der einzelnen Töne selbst:
140 612 1295 659 Dass diese Auffassung ganz correct, weil in dem gegebenen Ton¬
139 658 1300 707 materiale unmittelbar begründet ist, braucht nicht erst ausgeführt
140 699 336 740 zu werden.
236 739 1298 782 Was schliesslich eine etwaige Charakteristik der beiden
136 788 1304 827 consonanten Dreiklänge anlangt, so muss eine exacte Theorie alle
143 823 1307 875 Versuche, die über das specifisch musikalische hinausgehen, und
145 867 1301 907 im besten Falle nur zu einem hinkenden Gleichnisse führen, von
143 908 1301 955 sich weisen. „Positiv und negativ“, „activ und passiv“, „männlich
144 955 1300 1003 und weiblich“, und wie immer noch dergleichen Schlagworte heissen
147 995 1301 1035 mögen — alles Das erklärt eine musikalische Form des Zusammen¬
145 1034 1299 1075 klangs nicht im Geringsten. Wenn wir die Rücksicht auf die
145 1075 1296 1123 Einheitlichkeit der Klangvertretung in den Vorder¬
148 1127 1306 1171 grund stellen, so können wir am ehesten noch den Gegensatz von
149 1164 1307 1203 Dur und Moll mit „hel!“ und „trübe“ bezeichnen. Allerdings
141 1203 1298 1248 dürfen wir diese blos die klangliche Seite eines einzelnen Accordes
148 1243 1302 1291 betreffende Charakteristik nicht unrechtmässiger Weise auf ein
149 1284 1296 1332 weiteres Gebiet anwenden, namentlich nicht zu einer Schablone
143 1332 1295 1371 für die musikalische Wiedergabe von „hellen“ und „trüben“. Ge¬
143 1371 1304 1411 fühlszuständen stempeln wollen; in diesem Falle kommen eben
143 1410 1305 1455 noch viele andere Factoren in Betracht, die mit dem Dualismus
150 1452 1304 1498 von Dur und Moll wenig oder gar nicht zusammenhängen. Vor
142 1491 1304 1539 Allem macht sich das dynamische Moment geltend: Das Trübe
144 1536 1294 1579 des Molldreiklanges steigert sich durch kraftvolle Energie bis zum
141 1579 1298 1627 dämonisch Grauenvollen, Erschütternden, erscheint dagegen bei
137 1619 1305 1659 zartem, ruhigem Vortrage als ein Hauch von Sentimentalität, der
138 1665 1298 1707 sich sogar mit Stimmungen gut verträgt, in denen fast keine Spur
138 1708 1301 1748 von Schmerz und Leid zu finden ist. Andererseits wieder kann
143 1747 1294 1788 der an und für sich so helle und heitere Durdreiklang durch seine
143 1788 1300 1827 harmonische Umgebung, seine rhythmische, dynamische und orche¬
137 1827 1291 1869 strale Verwendung einen Ernst annehmen, der sowohl im ein¬
138 1868 1296 1915 dringlichen Fortissimo, als auch im schmachtenden Pianissimo dem
137 1915 1300 1956 Charakter so manches Molldreiklanges nur wenig nachgiebt. Den
134 1955 1305 1998 specifischen Unterschied zwischen den beiden Dreiklängen durch
138 1996 1306 2042 eine ausführliche Beschreibung des subjectiven Eindrucks derselben
