1407 2241
665 56 723 108 76
106 146 1273 187 Töne; man kann also strenggenommen nicht einen oder den anderen
109 187 1275 235 als „dissonirend” auffassen, so lange man die Dissonanz für sich,
110 226 1278 276 ohne Zusammenhang mit vorhergehenden oder nachfolgenden Klängen
106 275 1259 318 betrachtet. Im Zweiklange h{—f′ dissonirt nicht das h{ oder das f′
107 322 1272 364 allein, sondern ihr wechselseitiges Verhältniss zu einander, ihre nur
106 363 1272 412 mittelbare Verwandtschaft ist der Grund der Dissonanz. Erst der
107 404 1260 443 Zusammenhang mit anderen Klängen kann den Schein hervor¬
114 442 1272 484 bringen, dass ein einseitiges Dissoniren von Einem der beiden Töne
106 489 1265 534 stattfindet. Wenn z. B. dem h{—f′ ein h{—e′ vorangegangen ist, so
114 523 1267 571 erscheint das h{ im Rechte, während f′ die Rolle des Störefriedes
109 571 1265 619 spielt, der das frühere consonante Verhältniss der Quarte getrübt,
114 611 1273 651 in die dissonirende verminderte Quinte verwandelt hat. Ebenso
106 652 1266 700 kann jener Schein durch die Auflösung verursacht sein: wenn auf
111 692 1275 744 das h{—f′ ein h{—e' folgt, so tritt f′, wenn dagegen ein c′—f′ folgt,
106 739 1096 787 h{ als der dissonirende, die Consonanz störende Ton auf.
196 803 1273 848 Wir müssen also bei der Auflösung der Dissonanz einen
113 843 1269 891 doppelten Gesichtspunct aufstellen. Entweder betrachtet man die
103 890 1275 932 Dissonanz nur als wechselseitigen Widerstreit beider Töne, stellt
105 931 1273 974 sich „über die Parteien” und bringt den schliesslichen Ausgleich
110 972 1268 1019 durch Mitwirkung, d. h. Klangfortschreitung beider Theile zu
110 1019 1276 1059 Wege. Oder aber man wird selbst „Partei” giebt dem einen
114 1059 1263 1106 Theile Recht und verlangt von dem anderen, dass er sich füge,
103 1107 1271 1147 so dass der Ausgleich durch Nachgeben Eines der beiden Töne
109 1145 1261 1189 erzielt wird. Im ersten Falle ist die Auflösung eine zweiseitige,
109 1187 1267 1227 im zweiten eine einseitige. Es ist übrigens klar, dass durch
104 1227 1263 1266 die letztere Art der Auflösung an der Wechselseitigkeit des Ver¬
105 1268 1273 1305 hältnisses der dissonirenden Töne selbst nichts geändert wird; man
108 1307 1267 1348 kann nach Belieben ebensogut den einen wie den anderen als
111 1348 1261 1395 störendes Element auffassen und auf ihn die ganze Last, gewisser¬
104 1388 1269 1436 massen die ganze Schuld der Dissonanz wälzen, wie das obige
108 1431 1264 1475 Beispiel gezeigt hat. Es wird durch die Auflösung ein neues Ver¬
111 1475 1018 1515 hältniss geschaffen, das ja abermals wechselseitig ist.
191 1531 1266 1572 Für die bei der Bewegung beider oder Eines der beiden
107 1571 1265 1626 Töne nothwendigen Schritte gelten dieselben allgemeinen Regeln,
108 1617 1259 1659 die wir für die einstimmige Klangfolge, d. h. für die Folge ein¬
106 1659 1269 1699 zelner Töne, nachgewiesen haben. Jeder Ton kann fortschreiten
103 1699 1262 1740 entweder zu seinen unmittelbaren Verwandten oder zu
101 1746 1263 1788 seinen nächsten Nachbarn in der Tonlinie. Daher wird die
102 1793 1262 1828 Auflösung der Dissonanz eine harmonische oder eine melo¬
102 1827 1267 1868 dische oder eine gemischte sein können, je nachdem sich die
106 1867 1262 1907 Stimmen in harmonischen Schritten zu ihren unmittelbaren Ver¬
111 1913 1261 1955 wandten oder in melodischen Schritten zu ihren nächsten Nachbarn
105 1952 1257 2000 bewegen oder aber die Bewegung (bei der zweiseitigen Auflösung)
97 1995 1259 2036 in der einen Stimme harmonisch, in der anderen dagegen melodisch
