1407 2241
694 67 756 107 93
143 152 1311 196 nicht zweifelhaft bleibt. Der Musiker deutet den Sinn dieser
146 194 1305 237 Antwort zunächst durch die vorausgehenden Klänge an. Wenn
142 245 1302 291 z. B. dem Sextaccorde e—g—c′ der normale C-Klang oder die
145 287 1306 331 nächsten Verwandten desselben, also etwa g+ oder f+ vorangegangen
141 321 1298 364 sind, überhaupt das Ende des Tonstückes entschieden dem C-Klange
143 369 1302 410 zustrebt, so ist wohl nicht zu befürchten, dass dieser letztere von
146 403 1297 450 dem der ganzen Klangfolge ziemlich fern stehenden E-Klange ver¬
142 451 1304 500 drängt werden könnte. Im zweistimmigen Satze gestattet selbst
151 492 1171 539 die strengste Theorie den Schluss mit einer Sexte: g—d′ . . . .
144 539 1305 586 e{—c′ oder g—h{ . . . e{—c′. Die Gefahr für die Klangbedeutung
148 572 1303 627 der Tonica ist beim Quartsextaccorde etwas grösser, da der Klang
146 619 1304 660 der Quinte (Dominante) im engsten Verwandtenkreise der Tonica
138 660 1305 707 bereits mehr Anknüpfungspuncte findet, namentlich wenn er selbst
137 706 1303 748 als Bestandtheil der Cadenz auftritt, was doch in den weitaus
139 754 1296 796 meisten Fällen geschieht. Daher die doppelte Rolle des Quart¬
140 785 1295 835 sextaccordes, den die Theoretiker einmal consonant, das anderemal
135 834 1300 875 als „drittletzten Accord in der Cadenz” *), dissonant nennen. Im
141 874 1298 915 ersteren Falle ist g—c′—e{′ = c+, im zweiten aber g—c′—e′ =
138 919 1300 963 g+ + c+, also eine Vorhaltsdissonanz. Uebrigens ist es klar, dass
146 956 1306 1003 die verschiedene Deutung dieses Gebildes nicht nur von den vor¬
141 996 1295 1044 hergehenden, sondern auch von den nachfolgenden Harmonien ab¬
147 1041 1298 1087 hängt. Bei a) erscheint der Quartsextaccord als consonant, bei
143 1083 1305 1130 b) als dissonant, lediglich in Folge der verschiedenen Fort¬
143 1126 325 1179 schreitung:
141 1412 1295 1460 Diese „Dissonanz” des Quartsextaccordes ist natürlich nur eine
137 1451 1298 1500 scheinbare, hervorgerufen durch eine zwiespältige Deutung eines
134 1500 1296 1539 an sich vollkommen consonanten Gebildes. Wir haben hier einen
140 1539 1297 1580 Fall jener am Schlusse des vorigen Paragraphen erwähnten Zer¬
146 1580 1293 1626 legung eines Accordes in die Klänge seiner Einzeltöne vor uns,
140 1620 1301 1667 strenggenommen freilich nur in Beziehung auf Einen der drei Töne:
135 1762 1292 1804 Dieses Hervorheben eines einzelnen Tones, somit auch die zwie¬
138 1803 1300 1860 spältige Deutung des ganzen Accordes, ist insofern künstlich,
227 1881 1291 1923 *) Vgl. z. B. Dr. Ad. J. Leibrock, „Musikalische Accordlehre”,
136 1916 1297 1964 Leipzig 1875, S. 16. — Aus denselben Gründen spielt auch schon das
144 1954 1295 1996 blosse Intervall der Quarte eine solche Doppelrolle, wird oft als „unbe¬
137 1994 1304 2035 stimmt, unselbständig” gar nicht zu den Consonanzen gerechnet, mitunter
144 2021 774 2059 sogar geradezu als dissonant hingestellt.
