1407 2241
701 58 760 109 63
146 155 1299 202 seltener und schwächer zu sein pflegen. Die Reihenfolge der Inter¬
156 195 1298 236 valle, vom Grundtone angefangen, wird somit auch den (abneh¬
150 236 1301 276 menden) Grad der Verwandtschaft bestimmen: zuerst kommt die
153 275 1304 330 Octave, die sich fast in allen Klangfarben merklich hervorthut,
154 322 1297 363 dann die Quinte, die Quarte, die grosse und die kleine Terz. Die
150 363 1295 412 grosse Sexte wird jedenfalls eine innigere Verwandtschaft darstellen,
146 403 1293 450 als die grosse Terz, da ihr tieferer Ton in der Reihe der Partial¬
147 451 1304 491 töne dem Grundtone näher steht, also häufiger und stärker ist, als
146 491 1303 540 jener der grossen Terz; sie wird aber andererseits der Quarte
146 539 1298 572 nachstehen müssen, da ihr höherer Ton vom Grundtone weiter
147 576 1300 619 entfernt ist, als jener der Quarte. Wir werden aus diesem Grunde
149 619 1294 659 die grosse Sexte zwischen die Quarte und die grosse Terz einzu¬
148 660 1302 699 reihen haben. Die kleine Sexte ist offenbar aus viel weniger ver¬
151 699 1294 740 wandten Tönen zusammengesetzt, als die kleine Terz; denn der
148 739 1295 787 höhere Ton der letzteren ist in der Reihe der Partialtöne der
141 794 1300 828 sechste, jener der kleinen Sexte aber erst der achte. Die kleine
147 828 1299 867 Sexte wird also hinter die kleine Terz zu setzen sein, so dass wir
142 877 962 914 etwa folgende Rangordnung feststellen können:
224 924 1207 979 Octave, Quinte, Quarte, gr. Sexte, gr. Terz,
506 971 924 1012 kl. Terz, kl. Sexte.
143 1027 1294 1068 Dass diese Reihe mit den Grundsätzen der praktischen Musik über¬
145 1067 1295 1115 einstimmt, sieht man auf den ersten Blick. Da aber die Reihe der
147 1113 1285 1155 von den Obertönen gebildeten Intervalle mit den sieben hier auf¬
144 1156 1299 1203 gezählten durchaus nicht abgeschlossen ist, sondern vielmehr endlos
143 1195 1295 1241 sich fortsetzen liesse, so entsteht allerdings die Frage, ob und
146 1243 1293 1288 warum mit diesen sieben Intervallen die Consonanzen erschöpft sind
144 1289 1291 1331 und was uns das Recht giebt, die übrigen im Klange enthaltenen
143 1323 1239 1362 Tonverhältnisse von dem Begriff der Consonanz auszuschliessen.
227 1372 1287 1420 Unter Anderem wurde Helmholtz auch vorgehalten, dass
139 1411 1291 1460 seine Theorie eigentlich keine Grenze zwischen Consonanz und
142 1451 1285 1506 Dissonanz, zwischen Verwandtschaft und Nichtverwandtschaft kenne,
130 1493 1291 1540 indem es ihr zu Folge nur eine Verschiedenheit des Grades von
149 1538 1292 1579 Wohlklang und Missklang, nicht einen wesentlichen, qualitativen
142 1579 1291 1619 Unterschied gebe. Es ist in der That so; allein Helmholtz hat
138 1620 1291 1659 darin auch vollkommen Recht. Zu verschiedenen Zeiten wechselte
141 1659 1285 1708 die Grenze zwischen Consonanz und Dissonanz, doch immer nur so,
137 1699 1285 1755 dass sie im Sinne unserer obigen Reihe vorrückte. Die Gründe,
139 1747 1291 1787 warum diese Richtung im Ganzen und Grossen eingehalten werden
136 1793 1286 1836 musste, sind in dem eben Erörterten enthalten. Die Erklärung des
142 1828 1287 1867 Umstandes aber, dass gewisse Völker und gewisse Zeiten bei der
130 1875 1291 1923 einmal angenommenen Grenze lange stehen geblieben sind, bevor
134 1916 1285 1955 sich ein weiterer Fortschritt durch Anerkennung neuer Intervalle
133 1956 1292 1995 als Consonanzen vollziehen konnte, gehört in die Musikgeschichte.
128 1997 1285 2038 Hier genügt es, zu constatiren, dass hauptsächlich zwei Factoren
