1407 2241
687 59 756 107 73
139 147 1292 194 sein?“ Dies führt uns zu einer Erörterung von mehr allgemeiner
141 189 1299 235 Natur, die gleichwohl gerade hier am rechten Platze sein dürfte.
231 236 1302 276 Die verbreitetste Ansicht über die Berechtigung der Dissonanz
137 275 1290 324 ist die, dass man in ihr nichts Anderes zu sehen habe, als eine
142 315 1298 363 wirksame Folie der Consonanz, also ein werthvolles Mittel, die
146 364 1295 403 letztere durch ihr Gegenspiel zu desto höherer Geltung zu bringen.
143 404 1299 452 Allein wir dürfen nicht vergessen, dass ja in ebendemselben Masse
145 444 1298 491 auch die Dissonanz durch diesen Contrast gehoben, wirksamer
141 498 1297 540 gemacht wird, so dass die Frage nach der Berechtigung derselben
141 531 1295 572 durchaus nicht beantwortet ist. Die Rolle einer blossen Folie
138 571 1295 619 könnte überdies auch das absolut Unharmonische, das musikalisch
143 613 1289 659 Unschöne spielen; es bedürfte dazu nicht der Kunstform der
143 659 1297 700 Dissonanz. Das Wohlgefallen an der auf eine Dissonanz folgenden
139 699 1290 744 Consonanz ist nicht blos ein negatives, ein Aufhören des Miss¬
142 740 1293 788 fallens, es enthält vielmehr auch ein ganz positives Moment: Die
133 787 1299 826 Dissonanz, die an und für sich nicht bestehen darf, muss nicht
139 827 1295 868 nur einer Consonanz weichen, sondern geradezu selbst zur
144 867 1296 915 Consonanz werden, auf gesetzmässigem Wege, durch eine
134 915 1287 955 regelrechte Fortschreitung, eine organische Weiterentwickelung des
138 955 1294 995 Klanges. Mit anderen Worten: die Dissonanz ist im Kunstwerke
135 995 1296 1051 nicht an und für sich, als Folie zu jeder beliebigen Consonanz,
145 1038 1291 1084 berechtigt, sie wird es erst durch eine bestimmte kunstmässige
137 1083 1287 1124 Auflösung, die ein selbstständiges, specifisches ästhetisches Ver¬
138 1124 1300 1163 hältniss repräsentirt, und daher auch einen eigenen, specifischen
140 1164 1287 1212 aesthetischen Genuss vermittelt, der durch nichts Anderes zu er¬
140 1211 318 1252 setzen ist.
225 1252 1287 1291 Es ist also jedenfalls die Bereicherung der Kunst¬
131 1290 1290 1332 mittel das Hauptmotiv bei der Anwendung der Dissonanz. Man
141 1331 1294 1379 bedenke nur, dass die harmonischen Gestaltungen mit den zwei
143 1379 1296 1420 Dreiklängen, dem harten und dem weichen, vollständig erschöpft
134 1418 1291 1458 wären, wenn die Dissonanz nicht zugelassen würde, und vergleiche
141 1459 1297 1499 mit dieser trostlosen Armuth den unübersehbaren Reichthum an
139 1499 1291 1548 dissonanten Accorden, über den die moderne Tonkunst gebietet
138 1539 1297 1587 und erwäge zugleich, dass jeder Dissonanz nicht etwa blos eine
134 1580 1292 1627 einzige Art der Auflösung entspricht, sondern deren eine ganze
138 1627 1286 1675 Reihe zur Verfügung steht. Der Musiker wird also, weit entfernt,
134 1667 1287 1707 die Dissonanz für ein „nothwendiges Uebel“ auszusehen, sie vielmehr
134 1714 1299 1747 einen wahren Segen für die Kunst nennen müssen. Hier verhält es
136 1747 1292 1794 sich genau so, wie mit dem Uebel in der ästhetischen Welt¬
134 1795 1298 1843 anschauung. Diese ist nur dann in der That ästhetisch, wenn wir
140 1834 1293 1875 einen organischen Zusammenhang zwischen dem Bösen und dem
135 1875 1292 1916 Guten gefunden haben. Wir treten mit dem ethischen Postulate
131 1922 1300 1964 auf: das Böse möge dem Guten dienstbar sein, indem es direct
137 1958 1294 2003 zum Guten führt, es selbst hervorbringt — allein dies bleibt im
139 2004 1303 2044 Leben des Einzelnen wie in der Geschichte der Völker nur zu
