1407 2241
682 67 841 110 17
137 827 1300 875 Bei den ersten sechs Duraccorden finden wir nur harmonische
138 872 1293 915 Combinationstöne; Helmholtz nennt sie die vollkom¬
141 921 1299 963 mensten Lagen des dreistimmigen Duraccordes, die übrigen aber
140 956 1294 999 die unvollkommeneren. Unter den Combinationstönen der
137 997 1295 1044 Mollaccorde kommen immer auch solche vor, die in der Harmonie
142 1038 1297 1083 des betreffenden Dreiklangs nicht unmittelbar gegeben sind; diese
135 1085 1289 1131 unharmonischen Combinationstöne werden am Harmonium,
136 1123 1259 1172 an der Physharmonika u. s. w. mitunter höchst unangenehm. —
226 1164 1289 1210 Sowohl bei den Schwebungen, als auch bei den Combinations¬
140 1211 1286 1252 tönen hatten wir nur den einfachsten Fall im Sinne: das Zusammen¬
138 1251 1289 1295 klingen zweier einfacher Töne. Offenbar werden auch die Partial¬
134 1291 1295 1347 töne der musikalischen Klänge, nicht nur ihre Grundtöne, sowohl
135 1340 1297 1388 unter einander als auch mit den Partialtönen anderer Klänge
138 1379 1285 1419 Schwebungen und Combinationstöne hervorbringen können. Nament¬
137 1419 1289 1460 lich sind die Schwebungen der Partialtöne, wie Helmholtz nach¬
130 1460 1289 1501 gewiesen hat, von entscheidender Bedeutung für den Grad des
138 1500 1287 1545 Wohlklanges der Intervalle und Accorde. Später werden wir uns
130 1539 769 1586 mit ihnen ausführlicher beschäftigen.
549 1635 880 1691 § 4. Das Hören.
215 1707 1289 1747 Das Hören beruht auf der bekannten physikalischen Er¬
130 1748 1291 1795 scheinung des Mittönens oder Mitschwingens solcher Körper,
137 1788 1288 1844 die nicht nur selbst einer schwingenden Bewegung überhaupt fähig,
130 1842 1292 1883 sondern geradezu auf jenen Ton „abgestimmt” sind, welcher der
128 1875 1296 1916 Schwingungszahl der von der Schallquelle herkommenden und an
130 1916 1296 1963 den betreffenden Körper anprallenden Luftwellen entspricht. Durch
134 1956 1288 2003 das äussere und mittlere Ohr gelangen die Luftwellen bis in das
130 2003 1295 2044 innere, an den eigentlichen Gehörapparat, und übertragen auf diesen
