1407 2241
695 76 758 123 V
144 162 1297 203 Wiedererkennen des früheren Klanges nur noch durch die Erinne¬
140 210 1300 252 rung an seine absolute Tonhöhe ermöglicht wird. Gleichwohl dürfte
145 256 1297 300 es nicht empfehlenswerth sein, ein Tonstück in C-Dur zu beginnen
143 293 1306 331 und im Quintenzirkel fortschreitend mit His-Dur zu schliessen; der
142 331 1305 378 Fehler liegt aber nicht so sehr in der Identification von C und His,
139 371 1308 420 als vielmehr in der einseitigen Richtung der Modulation nach der
141 420 460 459 Oberdominantseite.
226 459 1302 499 Die Hoffnung Riemann's, dass einst doch, wenn auch nach
141 506 1298 547 schweren Kämpfen, „die Auffassung des Mollaccordes in halbem
145 541 1296 588 Dursinne (eine Frucht des Generalbasses) aus der Harmonielehre
138 588 1295 629 ganz ausgemerzt und an die Stelle der Benennung des Molldrei¬
141 627 1297 668 klanges nach seinem tiefsten die nach seinem höchsten Tone
138 669 1304 724 getreten sein wird” („Syntaxis”, S. XIII) theile ich durchaus
142 714 1298 755 nicht; und wenn im Folgenden die Terminologie und die Tonschrift
148 761 1296 804 v. Oettingen's zum Theil beibehalten worden ist, so geschah dies
145 795 1301 843 aus äusserlichen, praktischen Motiven, unter ausdrücklicher Ver¬
149 840 1296 884 wahrung gegen eine Anerkennung der principiellen Gleichberech¬
144 884 1302 924 tigung der Tonicität und Phonicität (vgl. im Folgenden namentlich
142 922 254 971 § 17).
223 969 1294 1018 Die vorliegende Schrift ist nicht etwa dazu bestimmt, Rie¬
145 1010 1304 1052 mann's schätzbaren Arbeiten entgegenzutreten; im Gegentheile
149 1053 1298 1091 wünscht sie eher als eine Ergänzung derselben betrachtet zu werden.
144 1092 1295 1132 Weder die „Hülfsmittel der Modulation”, noch die „Musikalische
139 1131 1303 1182 Syntaxis” verlegen ihren Schwerpunct in diejenigen Probleme, die
141 1179 1298 1220 uns im Folgenden in erster Linie beschäftigen werden; ob dies
140 1219 1306 1260 Riemann in seiner bereits in Aussicht gestellten „Musikalischen
147 1260 1300 1308 Grammatik” thun und inwieferne er dann von dem hier Gebotenen
143 1307 1224 1347 abweichen wird, lässt sich freilich nicht bestimmt vorhersehen.
222 1348 1294 1387 Im ersten Abschnitte musste Vieles wiederholt werden, was
145 1393 1301 1435 wohl den meisten Lesern längst bekannt ist und daher füglich
147 1428 1306 1467 vorausgesetzt werden konnte. Allein Zweck und Plan dieser Schrift
140 1467 1297 1507 forderten, dass in den „Akustischen Vorfragen” wenigstens alles
145 1507 1301 1553 Das zusammengestellt wurde, was für die späteren Abschnitte von
150 1547 1299 1595 Wichtigkeit war. Sollte ein mit der einschlägigen Litteratur minder
148 1600 1295 1643 vertrauter Leser sich auf akustischem Gebiete noch genauer unter¬
138 1635 1299 1675 richten wollen, so thut er am Besten, Helmholtz's classische
146 1678 1300 1723 „Lehre von den Tonempfindungen” selbst zur Hand zu nehmen *).
231 1715 1300 1756 Da es sich hier zunächst nur um die ästhetische Begrün¬
136 1756 1305 1809 dung der Harmonielehre handelte, durfte die weitere Ausführung
223 1876 1301 1911 *) Zur Orientirung dienen auch ganz besonders: E. Mach: Ein¬
132 1907 1302 1945 leitung in die Helmholtz'sche Musiktheorie. Graz, 1867 und P. Bla¬
140 1940 1299 1988 serna: Die Theorie des Schalls in Beziehung zur Musik. Leipzig, 1876
140 1976 593 2019 (Internat. wiss. Bibl. XXIV.).
