1407 2241
677 74 762 116 121
218 155 1310 212 Die Auflösung nach er wird jener nach er vorgezogen und
138 203 1293 251 namentlich in der Sextaccordlage (e—gis—c’.... ——gis-R;
133 242 1296 302 C—e—as c—e—g) häufig benützt. Der Grund ist wohl dieser,
143 292 1295 339 dass der auflösende Schritt zunächst als absteigender Leittonschritt
142 337 1295 379 (ck, asg) aufgefasst wird, da die Deutung als Chromatische
134 378 1293 420 Erniedrigung (Ris; gis ... g), die auf einer bereits entfern¬
139 427 1082 476 teren Verwandtschaft beruht, nicht mehr so nahe liegt.
227 482 1298 524 Principiell darf man die Auflösung einer Dissonanz durch
134 531 1289 564 eine blosse chromatische Versetzung gewiss nicht unstatthaft finden.
136 563 1291 605 Ein Beispiel davon haben wir bereits an der sich zur Octave er¬
142 604 1291 652 weiternden kleinen Septime kennen gelgrnt,*) mit demselben Rechte
141 651 1287 692 können wir eine ähnliche Auflösung wohl auch hier gelten lassen.
138 692 1289 740 Die Folge c—e—gis ... 6—8—9 mag in dieser orthographischen
132 739 1291 787 Gestalt eine ungewohnte, fremdartige sein, sie lässt sich aber als
144 793 1292 836 vollkommen correct aufrecht erhalten, wenn man sich erinnert, dass
132 827 1288 875 ja 6—gis ... 6—9 und H—e—gise tadel¬
139 875 1289 923 lose Fortschreitungen sind. Eine enharmonische Umdeutung (des
130 924 1293 977 gis in us) ist also auch in unserem Falle durchaus nicht absolut
140 978 1289 1019 nöthig; manchmal ist sie sogar nicht einmal möglich. Man sehe
134 1012 1276 1052 sich z. B. eine sehr interessante Stelle aus Beethoven's „Fidelio
133 1051 1295 1106 im Zusammenhange an. Sie findet sich in Pizarro's Arie Nr. 7,
135 1091 1290 1139 nach dem Eintritte des Chores, und bringt die Auflösung eines
141 1140 1287 1179 durch nahezu vier Takte gehaltenen übermässigen Dreiklanges (in
136 1179 817 1227 der Quartsextlage) in folgender Weise:
137 1393 1297 1443 also durch die blosse chromatische Versetzung f. fis. Diese
138 1441 1296 1495 Auflösung ist zwar nicht identisch mit unserer obigen: 6—8 — gis
139 1493 1288 1535 c—e- 9, aber sie bietet eine genügende, unantastbare Analogie.
134 1528 1287 1572 Dass man es hier nicht etwa mit einer verschwiegenen enharmoni¬
134 1570 1291 1611 schen Umdeutung des F in eis zu thun hat, zeigt ein Blick auf die
136 1611 1290 1659 Tenorstimmen des Chores, die ganz entschieden die Folge 6—0
136 1652 1292 1708 fa 8—a = dt aufweisen, welcher letztere
131 1700 1224 1755 Klang dann als Theilklang des phonischen Dreiklanges eise
138 1748 1291 1793 fis—g—cis auftritt. Wir werden übrigens noch andere, und zwar
130 1802 1298 1844 näherliegende, weil durch Quintenschritte vermittelte Auflösungen
134 1838 916 1884 des übermässigen Dreiklanges kennen lernen.
208 1892 1288 1935 3) Der Fall, wo der Dissonanz das Verhältniss der kleinen
210 2003 437 2052 *) S. 80, 116.
