1407 2241
684 65 763 115 115
148 155 1306 204 zwei unmittelbar verwandte Accordklänge schon eine Dissonanz
144 194 1223 243 bilden, während unmittelbar verwandte Töne stets consoniren.
235 241 1289 283 Die Regeln der Auflösung werden bei der mehr¬
150 284 1303 339 stimmigen Dissonanz wesentlich dieselben sein,
148 327 1305 372 welche wir bei der zweistimmigen Dissonanz *) kennen
149 371 1300 418 gelernt haben. Wir wollen nun an der Hand von Beispielen
150 412 1300 459 eine Uebersicht über die wichtigsten Accorddissonanzen und ihre
145 451 676 492 Auflösung zu gewinnen suchen.
180 571 1270 635 § 23. Dissonanzen isolirter, indirect verwandter Klänge.
222 660 1304 699 a) Die harmonische Auflösung geschieht in die den
142 697 1302 744 Klang des Vermittlers vertretende Harmonie, und zwar durch
138 740 592 781 möglichst kleine Schritte:
223 1067 1302 1116 Zufolge der wiederholt berührten „lex parsimoniae” steigt der
145 1109 1298 1163 Leiteton h{ und fällt die Septime f′ um einen Halbton überall dort,
142 1156 1302 1196 wo die Stimmführung eine vollkommen fliessende sein soll; der
148 1197 1295 1243 Grundton des Septimen- und Nonenaccordes, g, hat hingegen volle
143 1235 1299 1283 Freiheit, sich innerhalb der Harmonie des auflösenden Klanges zu
141 1275 1294 1323 bewegen, namentlich nach c zu fallen oder zu steigen, um den
142 1323 1295 1371 letzteren Accord in seiner normalen Gestalt, mit der Tonica im
143 1364 1291 1403 Basse, erscheinen zu lassen. Der sich in den Molldreiklang auf¬
143 1403 1293 1452 lösende verminderte Dreiklang h{—d′—f′ und Septimenaccord
134 1450 1292 1492 g—h—d′—f′ hat eine andere, mit dem kleinen Nonenaccord und
134 1491 1290 1539 dem verminderten Septimenaccord (der 7. Stufe in Moll) gemein¬
138 1523 613 1578 schaftliche Klangbedeutung:
136 1819 1293 1875 In den beiden ersten Accorden vertritt der Einzelton zunächst einen
136 1867 1297 1923 tonischen Klang, f+, da dieser jedoch der wichtigste Theilklang
139 1916 1041 1961 von c0 ist, mittelbar auch diesen phonischen Klang.
222 2003 498 2051 *) § 14, S. 75 ff.
