1407 2241
677 67 766 115 109
146 155 1300 201 nicht gleichgültig. Die Octave ist mit der Prime so nahe ver¬
150 208 1301 243 wandt, dass sie geradezu als eine Wiederholung der letzteren an¬
142 252 1303 292 gesehen wird. In der That bringt sie zum Klange der Prime
146 283 1300 329 keinen neuen Bestandtheil hinzu, sie ist bereits mit allen ihren
140 331 1297 372 Partialtönen in ihr enthalten. Daher wird auch die Octavenparallele
146 378 1295 411 als eine blosse Verdoppelung angesehen und überall dort ohne Be¬
146 411 1299 466 denken angewendet, wo es sich nicht um wirkliche Polyphonie,
142 459 1303 499 d. h. um gleichzeitige, aber verschiedene, individuelle Stimmen
144 499 1305 540 handelt. Im polyphonen Satze sind sie mit Recht verpönt, da sie
142 539 1297 581 ein stilwidriges Uebergehen aus der Polyphonie in die Homophonie
149 585 1301 634 bedeuten. Die Quintenverwandtschaft ist bereits viel schwächer, so
142 626 1295 668 dass bei ihr schon nicht mehr von einer blossen Verdoppelung des
151 668 1299 708 Grundtones die Rede sein kann. Die Tonreihe c. d.............
147 707 1287 755 ist eine ganz andere als ... d. h. ... jene gehört der C-Dur¬
147 751 1291 795 leiter, diese der G-Durleiter an. Die moderne harmonische Musik
148 795 1295 843 beruht aber auf dem Princip der Tonalität, d. h. auf dem syste¬
144 840 1294 883 matischen Beziehen aller, auch der scheinbar entferntesten Klänge
138 882 1299 923 auf ein einheitliches Centrum, den Klang der Tonika. Bei einer
146 924 1292 962 Parallele von Quinten, Quarten, Terzen u. s. w. haben wir aber
139 970 1294 1012 zu gleicher Zeit ein doppeltes tonales Centrum, eine doppelte
146 1003 1293 1050 Tonica, sobald uns zugemuthet wird, die Parallele als einen zwei¬
141 1051 1295 1091 stimmigen Satz aufzufassen. In der Fuge, wo doch die im Quint¬
143 1089 1295 1132 verhältnisse zu einander stehenden Führer und Gefährten nach
145 1137 1303 1179 einander auftreten, werden mit dem Thema gewisse Veränderungen
148 1171 1302 1218 vorgenommen, um nicht ein vollständiges Ueberspringen in die
140 1219 1297 1259 Quinttonart zu bewirken, sondern die tonale Einheit des Satzes zu
149 1267 1300 1307 wahren. Umsomehr muss sich das Gehör sträuben, dieselbe
142 1300 1187 1348 Melodie zugleich in verschiedenen Tonarten zu verfolgen.
229 1371 1293 1411 Helmholtz bemerkt, dass sich Quintenparallelen nicht durch¬
134 1412 1294 1451 führen lassen, „ohne die Tonart zu verlassen“ *) Dies kann sich
141 1451 1291 1492 nur auf grössere melodische Phrasen beziehen, nicht auf einzelne
147 1491 1294 1540 Quintenfolgen. c’—9 d’— a 0 h fis“ verlässt
139 1540 1293 1587 z. B. die Tonart G-Dur nicht; und wenn man auch c—, als Re¬
138 1590 1291 1634 präsentanten der Tonica auffassen wollte, so hätte dann das Fort¬
139 1626 1295 1668 schreiten in Quinten nur eine modulatorische Bedeutung. Nicht das
148 1667 1295 1706 Verlassen der Tonart, sondern viel eher das gleichzeitige Bestehen
142 1707 1293 1748 zweier Tonarfen in verschiedenen Stimmen bietet dem Gehöre
139 1748 1293 1792 Schwierigkeiten. Ob nun die betreffenden Tonarten mehr oder
134 1788 1294 1836 minder verwandt sind, ist wohl von untergeordneter Bedeutung.
136 1835 865 1876 Man vergleiche z. B. folgende Parallelen:
215 1962 532 2007 *) A. a. O. S. 556.
