1407 2241
685 74 753 116 23
465 170 985 234 § 6. Subjective Untertöne.
222 243 1296 291 Eine vom Dämpfer befreite Claviersaite schwingt nicht blos
137 286 1292 340 dann mit, wenn der Ton, auf den sie unmittelbar gestimmt ist.
137 331 1301 378 angeschlagen wird, sondern auch beim Erklingen irgend eines ihrer
147 371 1286 418 Partialtöne — im letzteren Falle natürlich mit der Schwingungs¬
137 418 1297 467 zahl dieses Partialtones, nicht des Grundtones. Jede Saite vermag
140 457 1299 500 nämlich sowohl ihrer ganzen Länge nach ungetheilt, als auch in
143 499 1291 555 Aliquottheilen dieser Länge, die durch Knotenpuncte getrennt sind,
141 543 1298 586 zu schwingen; sind alle diese Schwingungsarten gleichzeitig, so
139 587 1302 625 entsteht eben die aus Aliquottönen bestehende Tonmasse, der
144 620 480 675 musikalische Klang.
219 668 1299 722 Es ist kein Grund vorhanden, warum wir das Vermögen, in
135 713 1299 755 Aliquottheilen mitzuschwingen, den „Saiten des Claviers”, das in
129 756 1290 791 unserem Gehörapparat berufen ist, die Tonwahrnehmungen zu ver¬
140 796 1293 835 mitteln, absprechen sollten, namentlich, wenn wir uns diese mit¬
137 841 1288 892 schwingenden Theile etwa als Fasern einer Membran vorstellen,
140 883 1288 923 wozu uns der jetzige Stand der Physiologie allerdings namhafte
138 922 1285 970 Anhaltspuncte bietet. Es dürfte also z. B. die auf den Ton C
133 963 1291 1019 abgestimmte Faser der Membrana basilaris auch dann mitschwingen,
130 1003 1289 1050 wenn einer der harmonischen Obertöne des C-Klanges auftritt, also:
132 1051 1283 1091 c, g, c′, e{′, g′, *b′, c2 . . . u. s. w. Oder: wenn der Ton c′ er¬
128 1091 1289 1130 klingt, so würde nicht blos die ihm entsprechende Faser mit¬
133 1130 1286 1180 schwingen, sondern auch jede andere, deren Aliquotschwingungen
131 1171 1280 1220 jenen des c′ entsprechen, deren eigener Klang dieses c′ als Partial¬
133 1220 1286 1267 ton mitenthält, also die auf c (2. Partialton: c′), F (3. Partialton:
126 1267 1282 1312 c′), C (4. P.: c′), As}1, (5. P.: c′) F1 (6. P.: c′) . . . u. s. f. ge¬
127 1314 1287 1356 stimmten Fasern. Selbstverständlich wird uns jedes mitschwingende
129 1349 1288 1404 Theilchen des Gehörorgans immer nur eine und dieselbe Empfindung
123 1398 1285 1442 übermitteln, mag es nun als Ganzes oder in seinen Aliquottheilen
120 1440 1279 1483 schwingen; denn es steht immer mit denselben Nervenenden in
126 1474 1279 1522 Verbindung, reizt sie durch jede Bewegung in derselben specifischen
134 1515 1280 1563 Weise, so dass es blos darauf ankommt, dass, nicht aber wie es
122 1557 1278 1616 schwingt. Am Claviere antworten dem c′ die auf c, F, C, As}1;
130 1604 1279 1658 F1 . . . u. s. w. gestimmten Saiten wieder nur mit einem c′; unser
121 1648 1275 1687 Gehörorgan vermittelt uns aber — nach der Hypothese vom Mit¬
122 1689 1277 1747 schwingen der Aliquottheile — wirklich die Empfindungen c′,
123 1740 1275 1788 c, F, C, As}1, F1 . . . . also einen förmlichen, aus harmonischen
117 1779 1270 1826 Untertönen zusammengesetzten Klang. Die Reihe dieser Unter¬
119 1825 1277 1867 töne ist dieselbe, wie bei den Obertönen, nur umgekehrt, wie die
116 1867 1276 1911 unter die Buchstaben gesetzten relativen Schwingungszahlen zeigen:
201 2004 1282 2059 Der Gedanke an diese Untertöne konnte Helmholtz natürlich
