1407 2241
683 64 757 117 31
135 153 1306 197 organen des Gehörnerven, um eine unbeschränkte Menge von Ein¬
140 196 1305 242 drücken zu vermitteln. Die gerade Tonlinie muss ferner in gleiche
137 239 1305 292 Abschnitte getheilt werden, die gleichen Intervallen entsprechen,
136 287 615 326 also etwa in dieser Weise:
135 439 1298 485 Die Berechnung der übrigen Intervalllängen macht keine Schwierig¬
128 484 1306 527 keiten; sie gleichen bekanntlich den Logarithmen der relativen
132 525 1300 574 Schwingungszahlen für die Basis 2, wenn man den eine Octave
130 566 1300 617 repräsentirenden Linienabschnitt = 1 setzt. Dies ist die einzig
127 612 1300 653 mögliche graphische Darstellung der Tonreihe. Herbart's Kreis
125 648 1295 697 und Drobisch's Schraubenlinie können durch ihre Gestalt nur
127 696 1303 742 Herbart's Lehre von den Tonverhältnissen, beziehungsweise von
129 735 1300 780 den Gegensatzgraden, einigermassen verdeutlichen, und das nur
133 780 1298 824 dann, wenn man sie nicht so sehr für continuirliche Linien als
132 824 1298 867 vielmehr für eine Reihe von einzelnen, die Tonstufen repräsen¬
130 862 1300 911 tirenden Puncten ansieht. *) Handelt es sich aber darum, neben
127 905 1300 949 der eigentlichen Tonlinie auch das physikalische Moment, d. h. die
213 998 1297 1044 *) Herbart's Theorie (s. hauptsächlich: Psychologische Bemer¬
122 1033 1292 1076 kungen zur Tonlehre S. W. VII. S. 4 ff.; noch ausführlicher im ersten
129 1072 1292 1109 Hefte der Psychologischen Untersuchungen, II. Ueber die Tonlehre, S. W.
134 1105 1287 1146 VII. S. 216 ff.) passt nur auf die aus der stetigen Tonreihe herausgegrif¬
131 1139 1299 1182 fenen Halbtonstufen der temperirten Stimmung. Abgesehen davon,
125 1160 1295 1211 dass wir die temperirte Stimmung unmöglich für die Grundlage einer exacten
135 1209 1296 1249 Tonlehre gelten lassen können, müssen wir hier gegen die im Ganzen
133 1231 1294 1285 gewiss geistvolle und originelle Anschauungsweise Herbart's hauptsäch¬
129 1273 1292 1316 lich Eines einwenden. Nach ihm wächst der Gegensatzgrad mit der Zu¬
123 1305 1296 1349 nahme des Intervalls, bis er bei der Octave „voll” wird, d. h. sein Maximum
133 1343 1291 1382 erreicht, das = 1 gesetzt wird; jenseits der Octave wächst er nicht mehr
129 1370 1294 1414 über die Einheit hinaus, sondern beginnt wieder mit 0, um bei der zweiten
130 1394 1298 1448 Octave abermals = 1 zu werden u. s. w. Daran, dass die Tonempfindung
122 1439 1290 1485 der Octave einen grösseren qualitativen Gegensatz zu jener der Prime
124 1464 1295 1510 bilden soll, als die jedes anderen consonanten oder dissonanten, kleineren
129 1505 1292 1544 Intervalles, werden wir uns nicht stossen; haben wir ja doch selbst die
125 1530 1295 1578 Ueberzeugung gewonnen, dass der qualitative Gegensatz mit der Grösse
120 1573 1288 1611 des Intervalles Hand in Hand geht. Allein warum soll er nicht auch noch
121 1608 1289 1647 über die Octave hinaus in gleicher Weise zunehmen, so dass er dann
125 1642 1288 1678 wirklich der Länge des betreffenden Abschnittes der geraden Tonlinie
129 1672 1289 1714 entspräche? Warum soll die None oder Decime zur Prime nicht in einem
116 1700 1287 1747 noch grösseren Gegensatze stehen, als die Octave? Herbart beruft sich
125 1736 1286 1777 darauf, dass ja unser Gehör selbst die Tonreihe in Octaven theilt als in
124 1776 1289 1818 gleichwerthige Abschnitte, innerhalb derer sich stets dieselben Intervall¬
125 1808 1291 1846 verhältnisse geltend machen. Aber diese Function des Gehörs selbst
125 1841 1290 1882 beruht schon auf der harmonischen Verwandtschaft der Töne, ist
123 1874 1294 1919 also Problem, nicht Voraussetzung und Princip der Tonlehre. Vgl. die
120 1910 1283 1948 übersichtliche Darstellung bei R. Zimmermann: „Ueber den Einfluss
123 1938 1283 1979 der Tonlehre auf Herbart's Philosophie”. Sitzungsberichte der kais.
128 1971 1283 2020 Akademie der Wissenschaften in Wien. Bd. LXXIII, Heft 1 (Jänner 1873),
122 2006 268 2052 S. 33 ff.
