1407 2241
686 68 764 116 101
227 644 1303 699 Obgleich der Gedanke, dass das Verwandtschaftsband zweier
139 697 1294 740 Klänge, mögen sie nun durch einzelne Töne oder aber durch ganze
138 741 1294 780 Accorde vertreten sein, ihre Folge verständlich macht, ein sehr
140 779 1290 828 einfacher und naheliegender ist, so stellen sich doch die Theore¬
136 819 1305 865 tiker — sowohl die Fachmusiker, als auch die Akustiker — zumeist
136 865 1304 908 auf einen ganz anderen Standpunct, von dem sie freilich auch zu
137 912 1301 956 ganz anderen Resultaten gelangen müssen: zu Resultaten, die der
134 948 1296 1003 heutigen musikalischen Praxis geradezu widersprechen. Der Grund
134 986 1296 1034 davon ist der, dass man die Lehre von der Accordverwandtschaft
137 1036 1295 1075 und der Accordfolge immer erst auf Grundlage eines bestimmten
137 1075 1298 1123 Musiksystems, auf Grundlage einer Tonleiter behandeln zu müssen
140 1123 1287 1170 glaubt und darum sich bei der Aufzählung der nächsten Ver¬
136 1169 1298 1204 wandten auf die „leitereigenen” Dreiklänge beschränkt. Dann
128 1204 1288 1243 findet man allerdings, dass z. B. der C-Durdreiklang nur vier
135 1242 1289 1292 directe Verwandte besitzt: die Dreiklänge von G-Dur, F-Dur,
142 1282 1295 1331 A{-Moll und E{-Moll; dann muss man auch bloss diese vier Drei¬
136 1329 1294 1380 klänge für fähig halten, unmittelbar verständliche Folgen mit c+
135 1385 1300 1420 zu bilden, während alle übrigen Folgen durch einen dieser vier
131 1420 783 1467 Dreiklänge vermittelt werden müssen.
222 1474 1293 1523 Dieser Standpunct ist jedoch unhaltbar. Die Verwandtschaft
136 1523 1295 1563 der Accorde hat ihre Wurzeln nicht im Musiksystem, in der Ton¬
135 1566 1291 1603 art u. s. w., sondern im akustischen Wesen der Accorde selbst.
198 1675 1291 1714 *) Die Folgen c+ . . . . g0 und e{0 . . . a{+, d. h. der Wechsel des
134 1708 1289 1744 Dur- und Molldreiklangs, dürften allein eine besondere Anmerkung ver¬
133 1740 1287 1779 dienen. Sie klingen etwas befremdender, als die übrigen antinomen Schritte,
134 1777 1301 1811 obgleich wir gefunden haben, dass gerade hier die innigste Verwandtschaft
138 1811 1293 1849 besteht. Der Grund ist in der ausgesprochenen modulatorischen
134 1843 1290 1883 Tendenz dieser Folgen zu suchen, da wir durch sie nicht blos in ein
133 1882 1296 1915 anderes Tongeschlecht, sondern auch in eine ganz andere Tonleiter
138 1913 1296 1955 gelangen, während bei allen übrigen oben angeführten antinomen Folgen
133 1953 1297 1987 nur jenes gewechselt, die Tonleiter aber bewahrt wird, bei den homonomen
134 1981 1295 2020 Schritten dagegen das Tongeschlecht dasselbe bleibt und höchstens die
134 2011 557 2050 Tonleiter eine andere wird.
