1407 2241
679 66 783 115 119
139 155 1305 195 Die Auflösung ergäbe sich in sehr einfacher Weise nach c+. Man
143 195 1296 244 möchte vielleicht darauf hinweisen dass wir ja oben *) den Moll¬
142 236 1292 283 dreiklang durch seinen einzelnen Grundton, also c0 durch f+ ver¬
144 283 1302 323 treten liessen. Allein da hatten wir volles Recht dazu; der pho¬
144 324 1291 379 nische Klang c0 besteht aus drei tonischen Theilklängen: f+, as}+
146 380 1302 419 und des}+, von denen der erste als der wichtigste, so zu sagen der
154 419 1295 468 „tonangebende”, den Mollaccord durch Jahrhunderte in den Schluss¬
144 460 1298 508 cadenzen thatsächlich vertreten hat. **) Den g+-Klang könnten
146 507 1296 548 wir höchstens als einen „getrübten” d0-Klang ansehen und durch
147 548 1291 588 einen solchen vertreten lassen; wir wissen jedoch, dass kein Einzel¬
146 587 1292 636 ton einen phonischen Klang bietet, vielmehr d immer nur die Be¬
144 628 1301 676 deutung von d+ haben wird. Der auf vollkommener Parität und
145 675 1296 716 Gleichwerthigkeit von Tonicität und Phonicität beruhende Dualis¬
139 723 1291 763 mus lässt sich in allen seinen Consequenzen nicht aufrecht erhalten.
227 763 1295 803 Von demselben Gesichtspuncte aus muss man die entsprechen¬
140 806 848 852 den Gebilde im Mollgeschlecht auffassen:
146 1004 1301 1059 Der (hier im Basse liegende) isolirte Ton bewegt sich melodisch,
140 1053 902 1099 der Hauptklang macht einen Quintenschritt.
151 1186 1288 1244 § 24. Dissonanzen verbundener, direct verwandter Klänge.
217 1275 1296 1323 Die Auflösung entspricht den Regeln, die wir bei der zweistim¬
131 1331 1302 1372 migen Vorhaltsdissonanz ***) kennen gelernt haben. Der eine Klang
140 1362 1295 1404 bleibt bestehen, der andere schreitet fort, um sich auf dem kürzesten
151 1403 1298 1442 Wege dem bleibenden Klange zu assimiliren. Welcher von den
145 1443 1291 1483 beiden Klängen bleibt und welcher fortschreitet, darüber ent¬
138 1484 1291 1523 scheiden mannigfaltige Umstände. Nicht nur der harmonische Zu¬
134 1523 1296 1570 sammenhang des ganzen Tonstückes, sondern auch die besondere
140 1567 1289 1612 Anordnung des dissonanten Accordes selbst ist hier von Einfluss.
144 1603 1292 1661 Im Allgemeinen kann man beobachten, dass der tiefer gelegene
140 1650 1290 1699 Accordklang ein entschiedenes Uebergewicht über den höheren hat,
138 1692 1293 1732 daher weniger gern nachgiebt und fortschreitet, als der letztere.
133 1731 1298 1779 Es entspricht dies vollkommen den Grundsätzen, welche wir oben
139 1772 1300 1819 fanden, als wir im musikalischen Klange das Vorbild des Accordes
138 1820 1291 1860 erblickten: die consonanten Tongruppen, die eigentlichen Accord¬
227 1929 387 1973 *) S. 115.
216 1961 457 2011 **) Vgl. S. 89.
202 1995 415 2042 ***) S. 82 ff.
