1407 2241
693 67 764 116 29
144 156 1291 203 schiedene Töne erhalten wir zwei Gruppen von zum Theil gemein¬
140 209 1296 251 schaftlichen, zum Theil verschiedenen einfachen Empfindungs¬
140 241 1299 283 elementen. Das Verhältniss des Gemeinschaftlichen zu dem Ver¬
138 283 1305 330 schiedenen ist es, wodurch das Mass der qualitativen Aehnlichkeit
147 324 1299 372 bestimmt wird. Wenn wir die bereits benützte graphische Methode
137 370 1306 411 Helmholtz's abermals zu Hülfe nehmen, so sehen wir, wie das
145 411 1297 457 Gemeinschaftliche in den Tonwahrnehmungen bei der Zunahme des
143 452 489 499 Intervalls abnimmt:
136 890 1295 931 Den dichter schraffirten Theil hat die dem objectiven Tone 7 ent¬
141 931 1295 979 sprechende Empfindungsgruppe mit jener des h gemein, den noch
142 973 1298 1020 dunkleren mit c′, den ganz schwarzen endlich mit cis′; die grosse
145 1013 1298 1060 Terz d′ weist kaum mehr ein wirksames, mit b gemeinschaftliches
135 1059 1292 1106 Element auf, um so weniger die noch weiter entfernten Intervalle,
135 1107 1298 1147 z. B. e′ oder f′ u. s. w. *) Auf diese Weise können wir uns ganz
139 1139 1293 1195 gut den Zusammenhang des abgestuften Inhalts unserer Tonwahr¬
139 1192 1292 1236 nehmungen erklären, auch wenn wir an der Ueberzeugung fest¬
139 1227 1289 1266 halten, dass einfache und zugleich specifisch verschiedene Empfin¬
143 1267 1303 1313 dungselemente in keinem anderen Verhältniss zu einander stehen
144 1307 1299 1358 können, als in dem des conträren Gegensatzes, also ursprünglich,
145 1355 1283 1404 um abermals mit Herbart zu reden, im „vollen Gegensatzgrade”
139 1402 1292 1436 sich befinden. Natürlich wird der Zusammenhang zwischen Ton¬
142 1436 1298 1483 wahrnehmungen, die kein gemeinschaftliches Empfindungselement
133 1475 1296 1523 mehr besitzen, durch die dazwischen liegenden Stufen vermittelt,
137 1516 1299 1555 so dass sich auf diese Weise unsere Tonempfindungen allerdings zu
141 1556 1298 1602 einer Reihe ordnen, die mit jener der Schwingungszahlen parallel läuft.
147 1599 1299 1650 Da nun diese Reihe eine qualitative ist, so folgt daraus nothwendig,
146 1642 1299 1684 dass mit der Grösse des Intervalles zugleich der
141 1684 1131 1724 Gegensatzgrad der Tonempfindungen wächst.
227 1724 1303 1764 Uebrigens wird die Bildung der Reihe auch noch durch etwas
152 1764 1305 1809 Anderes gefördert und unterstützt: durch die abgestufte Reihe der
145 1808 1303 1851 Muskelempfindungen des Stimmorganes beim Singen.
141 1850 1306 1891 Die letzteren spielen hierbei eine ähnliche Rolle, wie etwa das
228 1946 1303 1986 *) Es ist nicht zu übersehen, dass wohl ein gewisses Minimum der
147 1977 1303 2020 Elongation der mitschwingenden Theilchen dazu gehört, um eine Ton¬
147 2019 757 2062 empfindung überhaupt zu ermöglichen.
