1407 2241
689 63 741 107 47
138 154 1300 196 haupten, dass ein geübtes musikalisches Ohr ein solches Intervall
139 197 1295 241 nicht als fremd und ungewohnt erkennen, und deshalb vielleicht
142 235 1293 283 für falsch erklären würde, aber der unmittelbare Eindruck auf das
142 283 1290 323 Ohr, der einfache sinnliche Wohlklang, abgesehen von aller musi¬
141 323 1297 363 kalischen Gewohnheit, ist kein schlechterer als der der reinen
138 363 1287 404 Intervalle.” Hier ist doch deutlich ausgesprochen, dass sinn¬
137 404 1296 451 licher Wohlklang und harmonische Bedeutung eines
141 451 1291 492 Intervalles zwei wesentlich verschiedene Dinge sind.
138 492 1294 530 Zum Ueberfluss mag auch noch daran erinnert werden, dass man
134 532 1294 587 ja harmonischen Intervallen, z. B. einer Octave oder einer Quinte,
138 574 1287 627 durch künstliche Intermissionen „genau dieselbe Art von Rauhig¬
135 620 1295 659 keit” beibringen kann, die durch Schwebungen auf natürlichem
147 659 1298 699 Wege entsteht. Und doch wird kein Musiker das Octaven- oder
139 698 1295 755 Quintintervall für ein „unharmonisches” oder „dissonantes” erklären,
134 747 1292 787 sondern höchstens nur von „schlechtem Klang” reden. Helm¬
136 787 1293 827 holtz beruft sich nun auf jene „musikalische Gewohnheit”, die
140 827 1295 866 in die Bresche treten soll, wo es keine reellen Obertöne giebt. Er
133 867 1296 915 sagt ferner *): „Wenn der Hörer weiss, dass auf anderen Instru¬
139 912 1294 956 menten und im Gesange die Terzen und Sexten als natürlich und
140 955 1292 995 direct verwandte Klänge hervorgetreten sind, so lässt er sie als
134 1002 1289 1038 wohlbekannte Intervalle auch gelten, wenn sie von einer Flöte oder
139 1040 1295 1083 von weichen Orgelregistern vorgetragen werden. Doch kann ein in
138 1083 1297 1123 der Erinnerung bewahrter Eindruck nicht dieselbe Frische und
137 1122 1289 1163 Kraft haben, wie ein solcher unmittelbarer Empfindung.” Natür¬
139 1163 1297 1209 lich gilt dies von harmonischen Zusammenklängen ebenso, wie von
137 1203 1299 1252 melodischen Schritten. So heisst es weiterhin **): „Sobald ich in
141 1251 1290 1299 allen möglichen Tonhöhen Quintenschritte habe ausführen hören,
141 1291 1287 1332 die sich in der Empfindung meines Ohres als Schritte von sehr
129 1332 1290 1378 enger melodischer Verwandtschaft rechtfertigen, so kenne ich die
138 1374 1288 1418 Grösse eines solchen Schrittes für jeden Theil der Scala aus
134 1412 1292 1459 Erfahrung und behalte diese Kenntniss vermöge meines Sinnen¬
133 1465 1286 1502 gedächtnisses, d. h. vermöge des Gedächtnisses, was wir für sinn¬
135 1500 1288 1547 liche Eindrücke, auch solche, die nicht in Worte zu fassen sind,
137 1538 1287 1580 haben. Höre ich nun einen solchen Schritt durch Stimmgabeltöne
134 1579 1295 1619 ausführen, so kann ich ihn wiedererkennen als einen oft gehörten
131 1620 1297 1664 Schritt von wohlbekannter Weite auch in einem Falle, wo die
137 1659 1293 1708 harmonischen Obertöne fehlen oder sehr schwach sind, die ihn
134 1710 1291 1748 sonst als einen bevorzugten Schritt von enger harmonischer Ver¬
131 1747 1295 1787 wandtschaft rechtfertigen. Ebenso werde ich andere melodische
132 1787 1285 1836 Schritte oder ganze Melodien als bekannt wiedererkennen können,
138 1838 1288 1877 wenn sie in einfachen Tönen ausgeführt werden, und höre ich eine
133 1873 1292 1914 Melodie zum erstenmale in dieser Weise, mit dem Munde gepfiffen
216 1969 520 2010 *) A. a. O. S. 408.
200 2002 377 2051 **) S. 452.
