1407 2241
700 67 747 108 9
142 150 1301 195 Eisenschienen schwer beladener Wagen; im Hausflur weint ein
142 195 1305 235 Kind, bellt ein Hund, im Hofraume wird Holz gespalten und eine
141 235 1301 283 Drehorgel tremolirt dazu eine italienische Opernarie; in unserem
139 283 1305 323 Zimmer schmettern Canarienvogel und Zeisig um die Wette, als
139 331 1303 365 wollten sie den „Perlenregen”, den eine Kunstnovize aus dem
144 363 1300 411 oberen Stockwerk mitten durch Estrich und Plafond auf uns herab¬
142 417 1291 451 schüttet, überschreien, die Pendeluhr schlägt dazu in ihrer mono¬
138 451 1294 490 tonen Weise ernsten Takt; im Kamin knistert und knattert das
140 491 1293 532 feuchte Holz und der Wind pfeift mitunter eine leise Melodie
146 532 1301 580 dazu . . . alles Das schlägt zu gleicher Zeit an unser Ohr, ganz
143 579 1298 618 abgesehen von der Legion schwächerer, gleichwohl wahrnehmbarer
141 620 1296 660 Geräusche, die unsere eigene kleinste Bewegung sogleich hervor¬
145 659 1294 701 bringt: dem Kratzen der Feder auf dem Papiere, dem Rauschen
138 701 1287 747 der umgewandten Blätter, ja sogar der Kleider, dem Athem¬
149 748 1291 787 holen u. s. w. Und doch verschwimmt diese Klangmasse keines¬
142 786 1297 828 wegs in einen verworrenen Gesammteindruck. Wir unterscheiden
140 827 1295 875 alle einzelnen Klänge und Geräusche mit Leichtigkeit und Sicher¬
143 875 1293 915 heit und können bald dies, bald jenes zum ausschliesslichen Gegen¬
143 915 1293 956 stand unserer Aufmerksamkeit machen. Wir erkennen, ob an
140 955 1295 997 unserem Fenster eine Herrschaftscarosse vorüberschiesst oder aber
143 996 1293 1044 ein müder Einspänner dahertrabt, wir erkennen an der Stimme
148 1043 1297 1084 das weinende Kind, den bellenden Hund, wir verfolgen die Melodie
141 1084 1299 1123 der Drehorgel und begleiten sie in Gedanken unwillkührlich mit
138 1127 1297 1171 den dazu gehörigen Worten, wir entgehen leider auch nicht dem
139 1168 1294 1219 geringsten Fehlgriffe unserer clavierspielenden Hausgenossin, wir
147 1209 1303 1260 unterscheiden recht gut den Antheil, den Canarienvogel und Zeisig
136 1259 1299 1291 an dem Ensemble haben . . . . kurz, wir orientiren uns in diesem
145 1292 1294 1339 wilden Gewoge von Geräuschen und Klängen ohne Mühe und
142 1339 344 1379 Beschwerde.
226 1379 1299 1420 Stellen wir uns nun die akustische Bedeutung dieser gross¬
138 1420 1299 1459 artigen unmusikalischen Symphonie vor Augen, so müssen wir die
141 1459 1294 1499 Fähigkeit unseres Gehörorgans in der That bewundern. Offenbar
141 1499 1287 1539 kann jedes Lufttheilchen in einem und demselben Augen¬
146 1538 1297 1580 blicke auch nur einen einzigen Grad der Verdichtung oder Ver¬
145 1581 1295 1635 dünnung besitzen, d. h. nur eine einzige schwingende Bewegung
137 1627 1303 1668 mitmachen, wenn auch diese Bewegung die Resultirende aus einer
147 1667 1297 1707 Unzahl der verschiedensten Componenten wäre. Dieser Einen
138 1714 1302 1756 resultirenden Bewegung entspräche demnach auch eine einzige
139 1747 1300 1796 akustische Curve, die allerdings in dem hier gewählten — aber,
148 1786 1291 1834 wie jedermann zugeben wird, nichts weniger als übertriebenen —
141 1836 1299 1875 Beispiele kaum genug complicirt und unregelmässig gedacht werden
139 1875 1299 1917 kann. Und nur dadurch, dass unser Ohr in der That fähig ist
143 1915 1299 1963 die Resultirende mit zuverlässiger Sicherheit in ihre zahllosen Com¬
141 1962 1301 2011 ponenten zu zerlegen, vermögen wir uns in diesem akustischen
146 2003 567 2044 Chaos zurecht zu finden.
