1407 2241
661 59 726 107 74
117 147 1268 188 häufig ein frommer Wunsch, dem die rauhe Wirklichkeit gar un¬
114 187 1275 228 barmherzig widerspricht. Der Dichter kann sich den Stoff seines
109 228 1265 276 Drama, seines Romanes so zurecht legen, dass die böse Absicht
110 275 1267 315 zum Guten führt; dasselbe thut der Musiker, indem er jede Disso¬
117 315 1271 354 nanz auflöst. Die Kunst ist frei, sie darf das ästhetische Postulat
114 355 563 403 als Kunstgesetz hinstellen.
202 413 1273 459 Die Dissonanz hat eine gleich grosse Bedeutung in allen
114 459 1275 499 Künsten, wenngleich die Musik, wie alle übrigen, so auch dieses
114 499 1270 541 ästhetische Verhältniss durchsichtiger und klarer hinstellt, als jede
114 540 1274 588 andere Kunst. Im Gebiete der Poesie beruht auf der Dissonanz
113 587 1276 628 und ihrer Auflösung der geringfügigste Witz eines Epigrammes
120 627 1269 675 nicht minder, als die grossartigste Dichtungsform, das Drama,
113 668 1266 723 dessen Seele und Wesen ja die Dissonanz im menschlichen Leben,
118 716 1271 755 d. h. der Conflict und seine ästhetische Lösung ist. Dass die
117 756 1270 795 bildende Kunst von der Dissonanz einen anderen Gebrauch machen
117 795 1271 851 muss, als die Musik oder Poesie liegt auf der Hand; die Frage,
115 836 1275 883 die Lessing im „Laokoon” behandelt, kann man füglich dahin
116 883 1266 923 formuliren, ob überhaupt und in welchem Masse die Dissonanz in
118 923 1271 964 den räumlichen Künsten anwendbar ist. Uebrigens muss man auf
118 963 1272 1010 den ersten Blick erkennen, dass auch der Contrast, dem jeder
114 1010 1263 1059 Künstler gern huldigt, im Grunde genommen nichts anderes ist,
117 1047 929 1099 als eine besondere Art der Dissonanzauflösung.
203 1107 1266 1152 Allein es handelt sich bei der Dissonanz, wenn wir auf ihren
113 1149 1269 1196 allgemeinen ästhetischen Begriff eingehen, nicht blos um den zu¬
117 1187 1270 1244 gelassenen und aufgelösten Missklang zweier gleichzeitiger Töne
118 1236 1265 1282 oder um einen ebensolchen Widerstreit zweier poetischer Gedanken;
117 1275 1274 1316 das sind nur ihre einfachsten, nächstliegenden Erscheinungsformen.
116 1315 1273 1355 Unter gewissen Bedingungen kann ebenso, wie die
118 1356 1271 1404 Grundform der Harmonie an gleichzeitigen Tönen
110 1396 1277 1443 oder an Gedanken, auch jede andere ästhetische
125 1439 1272 1492 Vorschrift verletzt werden. Aus einer solchen Verletzung
116 1482 1267 1523 entspringt dann allerdings ein disharmonisches, unschönes Ver¬
113 1523 1275 1562 hältniss; jene Bedingungen aber, durch welche eine
110 1572 1259 1612 solche Disharmonie in der schönen Kunst erst mög¬
113 1604 1276 1652 lich und erlaubt wird, kennt der Musiker als Regeln
117 1652 1274 1699 der Dissonanzauflösung. Wird, so dürfte man einwenden,
114 1696 1264 1739 auf diese Weise nicht jegliche künstlerische Willkür und Zügel¬
111 1731 1277 1778 losigkeit privilegirt, scheint dann nicht die Aesthetik selbst allen
118 1779 1266 1819 Boden unter den Füssen verloren zu haben, da sie ja ihren Grund¬
121 1818 1273 1858 sätzen nur eine bedingte Geltung zuerkennt? Mit nichten. Wie
119 1859 1267 1900 die Zulassung der Dissonanz in der Tonkunst das Musikalisch-
114 1899 1274 1947 Schöne nicht aufhebt, sondern im Gegentheil seine Darstellungs¬
117 1948 1270 1988 mittel um neue harmonische Gestaltungen bereichert, so wird auch
114 1988 1278 2027 die Kunst überhaupt nicht den geringsten Schaden nehmen, wenn
