1407 2241
679 75 755 115 135
141 155 1303 203 nicht überall den kürzesten Weg einschlägt, so zu sagen nicht mit
138 203 1302 250 der Thüre in's Haus fällt, sondern manche Beziehung nur andeutet,
135 251 1296 291 um sie vom Hörer errathen zu lassen, manchen mehrdeutigen
138 283 1299 331 Schritt in einer geradezu witzigen Weise ausbeutet, um damit zu
138 329 1281 371 überraschen. Man kann also ganz wohl von „Prosa” und „Poesie”
140 378 1301 419 selbst im Gebiete der reinen Instrumentalmusik sprechen, ohne
142 412 1292 453 darum zu läugnen, dass Ton und Wort völlig verschiedenartige
136 451 1300 499 Kunstmittel sind, die materiell Disparates, wenn auch in analoger
143 498 676 547 Form zur Anschauung bringen.
