1407 2241
666 68 723 107 12
118 156 1277 198 gegebenen zusammengesetzten Bewegung, dass sodann nach Ohm
110 195 1275 236 das Gehör nur die durch einfache Schwingungen hervorgebrachten
114 235 1274 276 Eindrücke als einzelne Tonempfindungen aufnimmt, so sehen wir
109 275 1265 323 klar, dass wir es bei den musikalischen Klängen mit einem Falle
116 330 1267 372 zu thun haben, wo das Ohr in der That die zusammengesetzte
112 363 1272 408 Luftwelle in einfache Elementarwellen zerlegt, somit eigentlich
111 403 1275 452 nicht einen einzigen Ton, sondern vielmehr einen Klang, d. h.
114 454 1271 499 eine aus einer ganzen Reihe einfacher Töne beste¬
109 491 1273 531 hende Tonmasse wahrnimmt. Die Art und Weise der
116 531 1270 573 Zusammensetzung dieser Tonmasse ist es nun, die
118 571 1267 619 den Unterschied der Klangfarbe bedingt. Dass also
112 619 1266 660 diese in der That mit der Form der Welle Hand in Hand
110 659 1263 704 geht, ergiebt sich aus dem Gesagten von selbst. Doch hat Helm¬
115 699 1267 744 holtz nachgewiesen,*) dass dies streng genommen nur insoferne
114 747 1267 795 eine allgemeine Giltigkeit besitzt, als verschiedenen Klangfarben
112 788 1274 827 auch verschiedene Wellenformen, gleichen Wellenformen auch gleiche
115 828 1266 870 Klangfarben entsprechen — aber nicht umgekehrt; denn bei der¬
106 876 1270 923 selben Art und Weise der Zusammensetzung aus Partialtönen, also
114 914 1267 955 bei derselben Klangfarbe, können blos durch abweichende Phasen¬
113 961 1270 1002 unterschiede zwischen den einzelnen einfachen Wellenzügen doch
108 995 1272 1041 auch verschiedene Wellenformen entstehen. Mit dieser geringen
114 1037 1280 1082 Einschränkung können wir also sagen: Die Tonstärke hängt
110 1089 1270 1124 ab von der Wellenhöhe, die Tonhöhe von der Wellen¬
111 1123 1058 1164 länge, die Klangfarbe von der Wellenform.
197 1165 1272 1209 Helmholtz hat übrigens die Klänge nicht nur mittelst der
118 1203 1274 1244 Resonatoren in ihre Theiltöne zerlegt, sondern auch durch einen
108 1252 1270 1292 sinnreich construirten Stimmgabelapparat aus der Reihe dieser
110 1287 1273 1332 Theiltöne wieder zusammengesetzt. Die Resultate der Analyse und
116 1332 1273 1372 der Synthese bestätigten einander wechselseitig. Hier können wir
110 1371 1270 1411 auf das Einzelne dieser für jeden Musiker höchst anziehenden
117 1411 1271 1451 Partie der Klanglehre nicht näher eingehen; manches werden wir
111 1451 1264 1500 später an geeigneter Stelle zu erwähnen und zu erwägen haben.
112 1495 1266 1539 Für jetzt nur dies Eine: Alle einfachen Töne haben die¬
106 1545 1273 1587 selbe, auch in den höchsten Regionen sehr weiche, jedoch etwas
115 1580 1263 1619 dunkle und leere Färbung, weil ja die den einfachen oder Pendel¬
107 1620 1273 1660 schwingungen entsprechenden Wellenformen stets dieselben sein
110 1659 1269 1707 müssen. Wenn es dennoch merkliche Unterschiede zwischen den
110 1707 1266 1747 aus verschiedenen Quellen stammenden einfachen Tönen giebt, so
109 1745 1271 1787 beruhen diese nur auf den unmusikalischen Geräuschen, die sie
117 1787 1273 1828 begleiten, ohne wesentlich zu ihrem Klange zu gehören, z. B. auf
109 1827 1272 1875 dem Sausen des an die Mündung der angeblasenen Pfeife oder
113 1875 1266 1916 Flasche anschlagenden Luftstromes u. s. w. Dies ist wichtig; denn
109 1916 1260 1963 es zeigt uns unwiderleglich, dass die Verschiedenheit der Klang¬
194 1999 740 2048 *) Helmholtz a. a. O. S. 189 ff.
