1407 2241
689 67 750 115 51
132 147 1290 202 als solches, indem der Wirkung der objectiven Obertöne keine
137 202 1294 250 Bedeutung für die eigentliche Harmonik, sondern nur für die sinn¬
138 236 1288 286 liche Beschaffenheit der Gehöreindrücke, für ihren Wohlklang und
139 282 1288 331 ihre Rauhigkeit zugestanden werden kann. Allerdings sind die
141 324 1292 371 harmonischen Zusammenklänge wohllautend, die Dissonanzen dagegen
134 363 1291 411 rauh, unangenehm; allein es wurde schon wiederholt darauf hin¬
137 414 1291 459 gewiesen, dass dieser Parallelismus durchaus kein absolut noth¬
147 455 1290 492 wendiger ist, dass es Fälle giebt, wo er ausbleibt. Wir haben es
134 498 1232 535 hier mit einem cum hoc, nicht mit einem propter hoc zu thun.
225 548 1294 579 v. Oettingen stellt der Tonicität die Phonicität als gleich¬
138 572 1294 620 berechtigt gegenüber und will die akustisch-mathematische Sym¬
142 625 1292 667 metrie in eine ästhetische Dualität des Harmoniesystems umsetzen.
142 659 1290 707 Die Sätze, von denen er ausgeht, und die oben kurz mitgetheilt
144 705 1287 755 wurden, sind aber nichts weniger als felsenfest. Er sagt, alle
136 746 1290 795 zweistimmigen Intervalle seien „unbestimmt”, lassen sich sowohl
134 789 1296 835 tonisch, als auch phonisch auffassen. Dies kann bestritten werden.
134 828 1296 874 Der einzelne musikalische Klang wirkt in Folge seiner Obertöne
137 868 1284 924 bereits als ganzer „Dur-Accord mit überwiegend starkem Grund¬
134 915 1290 962 ton”, wie Helmholtz *) sagt; der einzelne einfache Ton hat zwar
135 959 1290 1004 keine objective Accordwirkung aufzuweisen, allein wenn wir auch
140 1005 1285 1044 die Macht der Gewohnheit, den Grundton von harmonischen Ober¬
142 1044 1289 1084 tönen begleitet zu hören in Frage ziehen wollten, so haben wir
140 1082 1291 1130 doch keine Veranlassung, ihn anders zu deuten. Wenn nun zum
138 1129 1295 1179 c-Klange z. B. ein g-Klang tritt, so wird der c-Klang dadurch
137 1164 1287 1219 affirmirt, da er ja den g-Klang in seinen Partialtönen (dem 3., 6.,
141 1212 1293 1259 9., 12. u. s. w. allerdings um eine Octave höher) bereits enthält,
131 1251 1290 1300 ihm also nichts absolut Fremdes aufgezwungen wird. Der g-Klang
134 1300 1283 1347 aber kann nicht aufkommen, sondern wird durch den c-Klang ent¬
134 1331 1286 1379 schieden negirt, indem kein c oder irgend eine Octave desselben
138 1379 1290 1419 Partialton eines g-Klanges sein kann. Die Quinte c—g wird also
141 1419 1300 1464 einen tonischen c-Klang repräsentiren. Ebenso wird der c-Klang
139 1459 1293 1501 durch den Hinzutritt eines e{ affirmirt, das letztere aber durch das
131 1499 1289 1547 Zusammensein mit c negirt; denn letzteres kann nie ein Partialton
135 1547 1291 1596 von e{ sein, ist also mit allen seinen Octaven etwas ganz und gar
137 1585 1281 1628 Fremdes für jeden e{-Klang. Die kleine Terz e{—g kann weder
138 1625 1286 1667 einen e{-Klang, noch einen g-Klang repräsentiren, da sich beide
130 1667 1289 1715 gegenseitig negiren, wohl aber einen c-Klang, da dieser jene beiden
134 1708 1289 1748 als Bestandtheile umfasst. Von einer Unbestimmtheit oder Zwei¬
136 1747 1288 1795 deutigkeit ist keine Rede. Oder sollte man an phonische Klänge
133 1795 1287 1835 denken? Der einzelne Ton kann nun und nimmer einen phonischen
130 1836 1271 1876 Klang repräsentiren; denn einen objectiven „phonischen”
133 1875 1287 1919 Klang in dem Sinne, wie wir jeden schönen vollen musikalischen
134 1920 1290 1970 Klang überhaupt einen „tonischen” nennen dürfen, giebt es
219 2010 524 2051 *) A. a. O. S. 120.
