1407 2241
398 546 1024 612 ZWEITER ABSCHNITT.
97 643 1326 714 CONSONANZ UND DISSONANZ
426 810 997 867 § 8. Harmonische Intervalle.
215 884 1295 960 Die Tonreihe, wie wir sie bisher betrachtet haben, war
137 956 1298 999 continuirlich, konnte aus unendlich vielen Gliedern bestehend
139 1002 1297 1051 gedacht werden. Es handelt sich nun darum, aus diesem Conti¬
145 1043 1297 1091 nuum gewisse feste Puncte, also eine Anzahl Töne herauszulieben,
140 1083 1297 1124 die Träger ästhetischer Verhältnisse werden könnten. Auf diese
147 1124 1286 1170 Weise entstehen erst die Intervalle, die Tonstufen, ohne die natür¬
132 1163 1288 1210 lich jede Musik unmöglich wäre, entsteht erst eine discontinuir¬
138 1210 1294 1252 liche Tonreihe, die Tonleiter. Die Musik ist eine Kunst
139 1251 1297 1292 der Zeit, ein grosser Theil ihrer ästhetischen Verhältnisse berulit
136 1292 1287 1339 daher auf Beziehungen zwischen gegenwärtigen, unmittelbar empfun¬
140 1336 1291 1379 denen und bereits vergangenen, blos reproducirten, d. h. zwischen
138 1384 1295 1428 gehörten und gemerkten Tönen: nur durch solche Beziehungen
141 1421 1294 1467 lässt sich der unbedingt nothwendige künstlerische Zusammenhang
130 1460 1292 1499 im Strome der dahinrauschenden Klänge erklären. Schon Ari¬
135 1499 1298 1539 stoxenos hat dies hervorgehoben: „Denn aus diesen beiden
141 1540 1295 1589 (Kräften) resultirt das Verständniss der Musik, aus der Empfindung
137 1579 1297 1627 und dem Gedächtniss; empfinden nämlich muss man das, was
134 1624 1290 1669 geschieht, und mit dem Gedächtniss behalten das, was geschehen
131 1667 1299 1708 ist. Auf andere Weise kann man unmöglich die in der Musik
141 1708 1295 1747 vorhandenen Dinge begreifen."*) Auch der Maler benützt oft eine
137 1753 1297 1795 gar stattliche Reihe von „Tönen“ in seinem Colorit; allein die
224 1844 1286 1886 *) Harmonische Fragmente her. und übers. von Dr. Paul Mar
137 1876 1296 1923 quard. Berlin 1868. S. 56 (Meibom. 38, 34): er die von rourer n
134 1922 1296 1963 rns sondlung Fürsolg torm, aloßgaste re zu urgung aloberschel per
139 1947 1299 1994 pan der rö yeyvöneroy, unquorsbeir de ro yeyorog, zur aller St
138 1985 968 2024 roönov oiz dort rot ### in novoten Tapezoloubeir.
