1407 2241
686 67 829 118 129 —
229 314 1304 359 Der eine Bestandtheil des ersten dissonanten Accordes, das
138 355 1302 403 durch einen einzelnen Ton vertretene d“ macht einen Quintenschritt
142 404 1295 444 nach g“ und ist dann durch einen vollständigen Dreiklang reprä¬
141 448 1296 490 sentirt; der zweite Bestandtheil, F, bleibt bestehen, ist aber im
139 483 1300 531 zweiten Accorde nicht mehr durch einen vollen Dreiklang, sondern
147 531 773 572 nur durch einen Einzelton vertreten.
224 579 1298 619 Nicht minder gewöhnlich ist die Folge zweier dissonanter
141 620 1291 667 Accorde, welche beide dieselbe Klangbedeutung haben und nur
141 660 1289 707 durch verschiedene Vertretung der betreffenden Klänge sich unter¬
140 709 1300 747 scheiden. Es findet also keine Klangänderung, sondern nur eine
142 748 719 787 Art von Klangrückung statt:
139 940 1291 987 Der erste Accord ist der dissonantere, weil der tiefere Klang nur
138 987 1297 1027 durch einen Einzelton vertreten ist; beim zweiten Accorde findet
144 1027 1294 1068 das Umgekehrte statt. Man bemerkt übrigens, dass der erste
141 1067 1295 1108 Accord auch als Dissonanz verbundener Klänge aufgefasst werden
135 1108 1292 1155 kann, in welchem Falle dann die Klangfolge allerdings eine
130 1155 362 1196 andere wird:
222 1347 1310 1387 Ob die eine oder die andere Deutung die richtige ist, hängt
140 1393 962 1428 vom Zusammenhange des Tonstücks ab. Hier:
131 1686 1294 1740 können wir bei a) nur die erste, bei b) nur die zweite Deutung
134 1741 1285 1787 geltend machen; denn der Basston des ersten Accordes tritt dort
132 1779 1287 1828 als g“, hier als Bestandtheil von auf und behält diese Bedeutung
134 1820 612 1860 auch im zweiten Accorde. —
210 1858 1288 1907 Zum Schlusse mag noch darauf hingewiesen werden, dass die
130 1907 1277 1955 eben besprochenen Regeln der Behandlung zweiklängiger Disso¬
127 1951 1284 1987 nanzen auch auf solche dissonante Gebilde auszudehnen sind,
134 1987 1289 2034 welche aus mehr als zwei verschiedenen Accordklängen bestehen.
