1407 2241
681 66 740 107 45
128 147 1292 195 treten kann, wie z. B. die Quinte c’—g' den Klang c. so kann es
131 197 1292 236 nach v. Oettingen mit gleichem Rechte auch den Klang seines
135 235 1289 291 phonischen Obertones, hier 92 vertreten, da dieser als Klang¬
138 276 1299 324 bestandtheil beiden Intervallgliedern gemeinsam ist. Auf dieser
141 323 1291 362 Grundlage beruht auch v. Oettingen's Erklärung des Ver¬
138 363 1298 409 hältnisses zwischen dem harten und dem weichen
133 407 1288 451 Dreiklang. Obgleich diese Frage dem Gange unserer Unter¬
134 451 1291 491 suchungen einigermassen vorgreift, müssen wir sie doch schon hier
138 498 1296 539 einer kurzen Betrachtung unterziehen, da sie für uns eine grosse
132 532 1301 586 principielle Bedeutung hat. v. Oettingen sagt*): „Das Intervall
139 579 1297 620 c—g ohne Terz ist unbestimmt, wie alle zweistimmigen Intervalle.
139 618 1294 657 Wir können es, ..... als tonischen c-Klang, oder als
140 659 1300 708 phonischen 9-Klang auffassen. Die hinzutretende Oberterz e
142 700 1294 748 läugnet nun den phonischen g-Klang; denn kein g kann Oberton
145 748 1294 787 vone sein, dagegen wird das tonische c verstärkt in dieser seiner
142 787 1297 834 Bedeutung. — Umgekehrt läugnet das hinzutretende es in c—68 —9
137 826 1297 880 den tonischen c-Klang, denn es kann nie Bestandtheil von c sein,
141 873 1297 916 dagegen wird die phonische g-Klangbedeutung vermehrt, stärker
140 916 1299 956 und einhellig hervorgehoben. — Dort wird das phonische Element
138 955 1294 998 des Quintintervalles im Duraccord getrübt, hier das tonische Ele¬
141 996 1297 1051 ment des Quintintervalles. Das reine Quintintervall ist zwar rein,
140 1044 1304 1083 aber doppeldeutig, unbestimmt, ja unbefriedigend. In diesem Sinne
142 1082 1301 1130 nun nenne ich den Molldreiklang einen phonischen Klang,
144 1122 1294 1170 während der Durdreiklang ein tonischer Klang ist. — Genauer
141 1164 1302 1211 aber, hat jeder dieser Accorde ein consonirendes und ein disso¬
138 1211 1293 1248 nirendes Element. Der Duraccord c—e—g ist tonisch conso¬
133 1253 1298 1299 nant, und phonisch dissonant, der Mollaccord ist phonisch
144 1292 1301 1340 consonant, tonisch dissonant.“ Die Begriffserklärung der Ver¬
144 1344 1303 1380 wandtschaft lautet bei v. Oettingen**): Verwandt im
146 1375 1300 1420 ersten Grade nennen wir Klänge welche entweder
136 1420 1296 1460 zwei gleiche Partialtöne haben, oder welche Partial¬
143 1459 1298 1498 töne eines und desselben Grundtones sind. Der
140 1499 1301 1538 Verwandtschaftsgrad zweier Töne ist tonisch und
137 1545 1297 1595 phonisch ein und derselbe.“ Das letztere beruht, wie leicht
138 1579 1296 1624 einzusehen ist, auf der oben berührten Symmetrie der Klang¬
139 1622 1304 1668 beziehungen. Schliesslich sei hier noch v. Oettingen's Lehre
146 1668 1297 1707 von der Dissonanz angedeutet: „Dissonanz ist das gleich¬
140 1708 1297 1747 zeitige Bestehen zweier oder mehrerer Klänge. Das
140 1749 1291 1795 Wort Klang nicht als einzelner Ton, sondern im Sinne der Klang¬
145 1787 612 1843 vertretung gefasst.“
225 1834 1304 1876 Nachdem wir nun sowohl Helmholtz's Lehre von den
222 1937 518 1981 *) A. a. O. S. 44.
212 1971 510 2013 **) A. a. O. S. 48.
200 2003 523 2051 ***) A. a. O. S. 228.
