1407 2241
699 59 762 99 69
149 147 1304 186 lichen Schwebungen und die durch sie bewirkte Rauhigkeit des
142 186 1300 233 Eindrucks setzt dem Gebrauche der Secunden als ästhetisch be¬
143 227 1295 275 friedigender Zusammenklänge ein Hinderniss entgegen. Noch ent¬
146 276 1296 315 scheidender aber ist folgende psychologische Thatsache. Die Gleich¬
139 314 1299 358 zeitigkeit zweier Gehöreindrücke hat eine synthetische Wir¬
142 357 1295 404 kung: sie nöthigt die betreffenden Tonempfindungen, in einem ein¬
144 403 1291 443 zigen Puncte der Zeitlinie zu verschmelzen. Die gleichzeitig er¬
144 444 1290 484 klingenden Töne sind aber ein jeder seinem ganzen Empfindungs¬
142 483 1293 538 gehalte nach einheitlich fixirt; das, was sie an Empfindungs¬
143 531 1297 571 elementen gemeinschaftlich haben, wird also wohl geneigt sein, in
148 572 1297 611 Eins zu verschmelzen, während das Verschiedene beider als ein
146 611 1295 658 nicht zu beseitigendes Hemmniss sich geltend machen wird. Ist
140 652 1287 699 des Verschiedenen nur sehr wenig im Verhältnisse zu dem Gemein¬
140 700 1294 739 schaftlichen, so gelingt die Verschmelzung und wir haben die Em¬
146 739 1297 786 pfindung eines einzigen Tones. Dies ist dort der Fall, wo
138 781 1296 827 z. B. eine nur ganz wenig verstimmte Prime gehört wird; dann
136 819 1286 867 sind es hauptsächlich die Schwebungen, die uns auf die Verstim¬
145 867 1286 916 mung aufmerksam machen, nicht so sehr der Zusammenklang selbst.
139 907 1297 955 Sobald aber das beide benachbarte Töne Unterscheidende an Macht
141 954 1289 1003 gewinnt (indem sich das Intervall zu einem merklichen Schritte
138 995 1291 1044 erweitert), also nicht mehr von dem Gleichartigen völlig unterdrückt
141 1034 1287 1075 werden kann, entsteht ein unlösbarer Widerstreit, eine unausweichliche
139 1075 1291 1123 Hemmung der psychischen Functionen: Die beiden gleichzeitigen
144 1121 1296 1163 Töne sollen gemäss ihrer gemeinsamen Empfindungselemente Eins
142 1163 1295 1203 werden und können es doch nicht, da ja auch das Verschiedene
142 1203 1294 1251 beider objectiv gegeben, also fixirt ist, daher sowohl die Nöthigung
134 1253 1281 1295 zum Verschmelzen, als auch die Unmöglichkeit desselben gleich¬
138 1288 1288 1331 zeitig zu Recht besteht. Unter solchen Umständen macht sich die
139 1331 1288 1379 psychische Spannung als Unlustgefühl geltend, von einem ästhetisch
140 1378 1287 1412 wohlgefälligen Verhältnisse kann nicht die Rede sein. Dies letztere
133 1412 1279 1453 wird erst dann möglich, wenn das Intervall so gross geworden ist,
138 1451 1273 1499 dass die gemeinschaftlichen Empfindungselemente seiner Bestand¬
130 1494 1282 1539 theile ganz ausser Frage kommen, wenn es also bereits eine grosse
137 1538 1286 1580 Secunde übersteigt. Dann hört sofort die Nöthigung auf, die beiden
135 1580 1289 1619 Töne als identisch aufzufassen; sie treten als verschiedene in's
134 1620 1289 1666 Bewusstsein, hemmen einander allerdings, aber dieser Hemmung
129 1661 1288 1700 wird durch keine Fixirung gemeinschaftlicher Empfindungselemente
130 1701 1289 1740 entgegengearbeitet, den Feindseligkeiten beider ist gewissermassen
128 1739 1291 1787 freier Spielraum gewährt. Harmonisch-ästhetische Ver¬
139 1787 1283 1828 hältnisse sind also nur bei Intervallen möglich, die
132 1828 1281 1876 grösser als eine grosse Secunde sind, mithin bereits jen¬
132 1873 1281 1915 seits der unmittelbaren Nachbarschaftsgrenze stehen. Alle diese
130 1916 1289 1955 Schwierigkeiten entfallen, sobald die Töne nicht zugleich, sondern
128 1955 1288 2001 nacheinander erklingen, sobald der harmonische Zusammenklang
131 1995 1287 2043 zum melodischen Schritte wird. Dann ist blos der zweite Ton
