1407 2241
657 68 728 115 22
106 155 1267 204 rasches Abwechseln grösserer und geringerer Stärke derselben,
108 196 1268 244 gewissermassen als ein beschleunigtes Tremoliren oder Flimmern
106 234 1271 283 des Tons geltend machen. Die mitschwingenden Theile, welche
109 284 1264 323 den zwischen b und h befindlichen Tönen entsprechen, werden
110 323 1265 363 natürlich ebenfalls Stösse erleiden, nicht minder auch die ausser¬
106 363 1269 411 halb dieser Grenzen stehenden, soferne sie von beiden erklingenden
109 410 1266 451 Tönen zugleich afficirt werden. Das Mass dieser gemeinschaftlichen
108 451 1258 489 Wirkung zweier Töne auf gewisse benachbarte Nervenenden ver¬
105 491 1179 548 gegenwärtigen die dunkler schraffirten Partien der Zeichnung.
191 538 1259 580 Die Schwebungen verursachen auf diese Weise eine eigen¬
102 579 1257 617 thümliche unangenehme Rauhigkeit der Empfindung beim Zusammen¬
110 620 1259 666 klange zweier oder mehrerer benachbarter Töne. Der Grad dieser
104 660 1262 715 Rauhigkeit hängt also erstens von der Grösse der Intervalle,
110 708 1262 747 d. h. von der Zahl der Nervenenden, die durch die betreffenden
116 747 1264 788 Töne gemeinschaftlich gereizt werden, ab und zweitens von
106 786 1258 835 der Zahl der Schwebungen, indem sowohl eine zu geringe
104 830 1266 875 als auch eine zu bedeutende Anzahl von Intermissionen der Em¬
102 874 1263 922 pfindung aufhört, unangenehm zu wirken. Intervalle die grösser
106 923 1268 964 sind als eine Secunde, erregen gemeinschaftlich zu wenig oder gar
104 955 1269 1003 keine Nervenenden, es hat also die Quinte C—G in der grossen
106 1002 1265 1051 Octave durchaus nicht die Rauhigkeit der Secunde c’—d oder gar
104 1043 1260 1087 •—e“ in der eingestrichenen Octave, obgleich die Zahl der Schwe¬
104 1084 1267 1132 bungen bei allen diesen Intervallen dieselbe und überdies noch
102 1131 1265 1172 diejenige ist, bei welcher die Rauhigkeit der Empfindung nach
110 1171 1259 1219 Helmholtz s Beobachtungen (unter sonst gleichen Umständen)
106 1215 955 1251 so ziemlich das Maximum erreicht, nämlich: 33.
192 1251 1267 1292 Dass hier blos die Intermissionen der Empfindung die Ursache
112 1300 1260 1339 von deren unangenehmer Betonung sind, kann man nachweisen,
104 1332 1255 1376 indem man einem einzelnen Tone durch eine sirenenartige Vor¬
98 1373 1256 1420 richtung in rascher Abwechslung den Zutritt zu unserem Ohre ge¬
103 1415 1266 1468 stattet und versagt: auch er wird in derselben Weise rauh.*)
102 1460 1260 1499 Helmholtz sagt: „Alle Klänge bekommen dadurch, dass man
102 1499 1270 1539 sie intermittirend macht, genau dieselbe Art von Rauhigkeit, welche
109 1547 1256 1591 zwei in schnellen Schwebungen zusammenklingende Töne dar¬
102 1580 1258 1627 bieten.***) Die bekannten Analogien aus den Gebieten anderer
107 1620 699 1668 Sinne bestätigen dies vollkommen.
192 1735 1261 1779 *) Einen ähnlichen Dienst leistet eine isolirte Stimmgabel, die man
102 1771 1257 1810 um die Axe ihres Stieles rotiren lässt. Bekanntlich ist in Folge einer
102 1803 1262 1843 Interferenzerscheinung die Intensität des Klanges, der von den Zinken
104 1843 1258 1880 einer Stimmgabel ausgeht, nicht nach allen Richtungen dieselbe, am grössten
109 1875 1257 1916 in einer durch die beiden Zinken gelegten Ebene, sowie in der auf der
105 1909 1264 1947 letzteren senkrecht stehenden. Durch das Rotiren der Stimmgabel treffen
102 1942 1264 1987 demnach unser Ohr abwechselnd stärkere und schwächere Schallstrahlen,
107 1977 1263 2012 die der Empfindung die Rauhigkeit eines schwebenden Tones mittheilen.
188 2009 711 2052 **) Helmholtz a. a. O. S. 266.
