1407 2241
662 68 729 107 82
118 148 1280 195 Accorde, die nur zu untergeordneter harmonischer Begleitung einer
116 204 1274 244 gegebenen Melodie dienen sollen (wie z. B. im Secco-Recitativ),
118 237 1278 276 werden bekanntlich gar oft ohne besondere Rücksichtsnahme auf
113 275 742 315 die Stimmführung aneinandergereiht.
212 315 1272 364 Schliesslich müssen wir noch der scheinbaren Consonan¬
116 370 1282 403 zen erwähnen, d. h. solcher Intervalle, die nicht nur auf den
117 404 1274 443 Instrumenten mit temperirter Stimmung, sondern auch in der
121 444 1278 492 üblichen Notenschrift sich von consonanten Tonverhältnissen durch
118 497 1277 539 nichts unterscheiden, gleichwohl aber aus Klängen bestehen, die
117 540 1272 578 nicht direct verwandt sind. Hierher gehört z. B. die kleine pytha¬
114 572 1278 625 goräische Terz, die ein gar häufig gebrauchtes Intervall ist, da sie
120 617 1273 660 sich sowohl in der Dur- als auch in der Moll-Leiter auf der
117 659 1275 699 zweiten Stufe findet. d ist mit F nicht unmittelbar verwandt (wie
114 700 1273 748 d mit †), sondern nur mittelbar, und zwar im zweiten Grade,
114 739 1066 787 durch y und c. Wir werden also nach dem Schema:
114 962 1279 1004 den C-Klang als die auflösende Consonanz zu betrachten haben und
114 1004 1274 1043 in Folge dessen die pythagoräische Terz d’—]' nach c’—y“ oder
115 1051 1269 1091 c’e“ oder eng“, die gleiche Sext 1—d’ aber nach 9—c oder
116 1083 1276 1140 —c’ oder 9—e“ auflösen, wobei zu bemerken ist, dass die zweite
118 1131 1267 1171 Auflösungsart (nach e'—“, bez. nach e—c’) entschieden die gün¬
114 1172 1273 1212 stigste ist, da hier das F nur einen Halbtonschritt zu machen
113 1212 1270 1251 braucht und überdies die Auflösung nach c’—g“ bez. 9—c“ zu der
106 1251 1276 1300 im zweistimmigen Satze nicht gern gesehenen leeren Quinte oder
113 1291 342 1347 Quarte führt.
274 1386 1117 1444 § 16. Einseitige oder gebundene Auflösung.
541 1444 848 1492 (Vorhaltsdissonanz.)
200 1506 1278 1555 Da der ruhende Ton seine Klangbedeutung behalten muss, so
116 1553 1269 1596 kann der Vorhaltston offenbar keinen anderen Schritt thun, als zu
110 1595 1271 1643 einem Klangbestandtheile des ruhenden Tones, zu seiner Terz,
116 1635 1269 1682 Quinte oder Octave — er ist eben an jenen Klang gebunden:
114 1675 1270 1723 cic ce; 6—flis. —9    — —
204 1793 1272 1835 *) Hauptmann und andere Theoretiker fassen die Secunde c—d
115 1828 1269 1867 der Klangbedeutung nach als ein C + G auf, wobei das letztere nur
119 1860 1265 1905 durch seine Quinte d vertreten ist. So lange wir die Secunde für sich,
110 1898 1271 1932 ohne Rücksicht auf vorhergehende Klänge, auf den Zusammenhang des
116 1931 1266 1971 Tonstückes betrachten, ist eine derartige Deutung unbegründet. Der
116 1964 1260 1999 Zusammenklang c—d giebt uns einen C-Klang und einen D-Klang, die
113 1996 1266 2035 beide als solche zu Recht bestehen, da sie kein consonantes Intervall
