1407 2241
657 75 743 122 132
115 160 1267 203 Kunst praktisch angewandten, eben erst auf Grund ihrer har¬
118 201 1268 252 monisch-verwandtschaftlichen Beziehungen ausgewählten Klänge auf¬
117 252 1276 291 zufassen, so läuft man Gefahr, durch die täglichen Fortschritte
118 284 1273 339 der Musik, die stets auf eine reichere Entfaltung und Erweiterung
119 331 1271 372 des Systems hinauslaufen, überholt zu werden. Dass aber die
118 372 1270 418 Bahnen einer auf allgemein giltigen physikalischen, physiologischen
119 418 1269 459 und psychologischen Grundlagen beruhenden Klanglehre bis weit
119 460 1275 500 hinein in das innerste Gebiet der Harmonielehre führen, dass somit
118 500 1274 539 die letztere von der Betrachtung des Tonsystems und der Tonleiter
113 544 1274 588 unabhängiger ist, also insgemein angenommen wird, zeigt namentlich
125 579 721 627 der dritte Abschnitt dieser Schrift.
206 627 1271 667 Wenn wir nun auf diese Weise von unseren Betrachtungen
115 667 1267 716 jede Rücksicht auf das Tonsystem möglichst ferngehalten haben,
113 715 1270 755 so ist uns das Klangmaterial deshalb doch noch nicht in eine
122 755 1259 795 einheitslose, der ästhetischen Organisation entbehrende Masse zer¬
119 795 1265 835 fallen. Wir haben vielmehr auf Schritt und Tritt einen Zusammen¬
117 835 1264 883 hang wahrgenommen, dessen innere Gesetzmässigkeit eine viel wirk¬
114 884 1273 923 samere Bürgschaft der Einheit ist, als der Hinweis auf die Tonart
111 923 1265 971 und die Tonleiter, die für die Klanglehre gar leicht zur beengenden,
117 963 1265 1004 conventionellen Fessel werden. Zunächst erkannten wir die Ton¬
119 1011 1274 1051 verwandtschaft und die Consonanz als identisch an; die
111 1051 1268 1092 sieben consonanten Tonverhältnisse innerhalb der Octave
114 1091 1262 1132 und ihre Rangordnung wurden der Schlüssel zur ganzen Har¬
111 1138 1273 1171 monik. Dann lernten wir die mehrstimmigen Accorde nach demselben
119 1172 1263 1212 Princip beurtheilen, wie die zweistimmigen Zusammenklänge, und
109 1211 1273 1251 konnten in Folge dessen die complicirten Verwandtschaftsbeziehungen
113 1252 1270 1299 der Accorde auf die drei fundamentalen wechselseitigen Verhältnisse:
115 1297 1274 1341 Quinte (Quarte), grosse Terz (kleine Sexte) und kleine Terz (grosse
110 1338 1264 1384 Sexte) zurückführen. Dieselben einfachen Verhältnisse genügten uns,
107 1380 1274 1419 um die Regeln der harmonischen Klangfolge, sowohl der normalen
107 1419 1274 1459 wie der vorgreifenden, abzuleiten. Aus der Begriffsbestimmung der
115 1459 1273 1500 Consonanz als Zusammenklang unmittelbar verwandter und der
108 1498 1265 1547 Dissonanz als Zusammenklang mittelbar verwandter Töne folgte
110 1553 1269 1595 auch schon die Erklärung der Auflösung als regelrechter Fort¬
110 1595 1274 1635 schritt von der mittelbaren Verwandtschaft gleichzeitiger Töne zur
110 1635 1273 1668 unmittelbaren, und in der Behandlung der echten Dissonanz, der
108 1667 1269 1715 freien Auflösung, boten sich uns geradezu dieselben harmonischen
120 1714 1268 1755 Verhältnisse dar, wie bei der vorgreifenden Klangfolge: die
108 1755 1269 1796 mittelbar verwandten Elemente traten dort allerdings im Zusammen¬
109 1796 1271 1843 klang, hier im Nacheinander auf. Und wenn wir schliesslich
109 1839 1259 1884 die tonalen Beziehungen noch weiter, bis in den Bereich der musi¬
108 1883 1267 1924 kalischen Architektonik verfolgt hätten, würden wir eingesehen
110 1923 1260 1964 haben, dass auch die Modulationsordnung innerhalb Eines geschlos¬
107 1972 1272 2019 senen Satzes, sowie die Tonartenfolge in grösseren, mehrsätzigen
