1407 2241
660 60 707 108 14
281 154 1090 205 § 3. Schwebungen und Combinationstöne.
190 220 1271 267 Die objectiven Erscheinungen, welche beim gleichzeitigen Zu¬
107 272 1261 308 sammentreffen mehrerer verschiedenen Tönen entsprechender Wellen¬
109 311 1260 355 systeme in einer und derselben Luftmasse entstehen, sind bekannt¬
114 346 1270 394 lich: erstens die Schwebungen oder Stösse als dynamische
113 389 1270 435 Schwankungen der gegebenen Töne und zweitens die
111 436 1263 475 Combinationstöne als durch das Zusammenwirken der
111 476 1264 522 gegebenen hervorgebrachte qualitativ neue Töne.
106 520 1264 569 Für unsere Zwecke wäre es überflüssig, auf die Entstehung dieser
115 563 1260 604 beiden Erscheinungen einzugehen; es wird genügen (nach Helm¬
115 604 1059 644 holtz) eine blosse tabellarische Uebersicht zu geben. *)
191 644 1261 691 Die Zahl der Schwebungen erhält man durch Subtraction
116 690 1258 731 der den beiden zusammenklingenden Tönen entsprechenden Schwin¬
110 732 1263 776 gungszahlen. Es können also, wie leicht einzusehen ist, verschiedene
107 771 1266 819 Intervalle dieselbe Zahl von Schwebungen aufweisen, wie z. B. hier
106 811 347 857 die Zahl 33:
114 1139 1263 1186 Umgekehrt kann wieder dasselbe Intervall, z. B. die grosse Terz,
111 1180 1271 1219 in verschiedenen Octaven verschiedene Zahlen von Schwebungen
102 1220 323 1267 hervorrufen:
195 1546 1266 1594 Die Combinationstöne sind doppelter Art. Die einen,
110 1594 1259 1643 schon seit Sorge und Tartini (um die Mitte des vorigen Jahr¬
114 1635 1257 1675 hunderts) bekannten heissen „Differenztöne”, weil ihre Schwin¬
118 1681 1272 1724 gungszahl der Differenz der Schwingungszahlen der gegebenen Töne
111 1716 1268 1764 entspricht, **) die anderen aber, erst von Helmholtz entdeckten,
203 1794 1261 1841 *) Helmholtz a. a. O. Zweite Abtheilung: Die Störungen des Zu¬
116 1833 1269 1875 sammenklanges. Combinationstöne und Schwebungen. Consonanz und
112 1867 500 1908 Dissonanz. S. 239—366.
202 1900 1268 1939 **) Die Schwingungszahlen der Differenztöne kommen also mit den
109 1931 1266 1970 Zahlen der Schwebungen überein. Dass die Differenztöne mit den Schwe¬
114 1967 1273 2003 bungen nicht identisch sind, wie man früher annahm, hat Helmholtz
110 2002 330 2051 nachgewiesen.
