1407 2241
686 58 758 107 19
231 146 1300 203 Dass die Tonempfindung eine continuirliche, ununterbrochene,
145 188 1291 235 die mechanische Einwirkung auf die Nervenenden aber eine stoss¬
145 235 1305 275 weise, also discontinuirliche ist, liesse sich wohl zur Genüge dadurch
146 275 1295 321 erklären, dass die der eigenen Stimmung der Nervenfaser ent¬
143 315 1299 363 sprechende Empfindung durch den neuen, eben ausgelösten Zustand
143 364 1293 410 erst beseitigt, überwunden, dass gewissermassen das „Schwarz″ *)
149 404 1303 446 des Gehöres in die betreffende Tonqualität erst umgestimmt werden
143 444 1302 492 muss. Bei der Resistenz, man möchte sagen: der vis inertiae
143 492 1302 532 eines jeden sinnlichen Eindrucks, der ja weder plötzlich mit seiner
143 531 1303 577 ganzen Intensität auftritt, noch auch plötzlich aus dieser vollen
138 572 1302 617 Intensität in ein Nichts zurücksinkt, vielmehr im Verlaufe einer
143 614 1299 659 bestimmten — wenn auch noch so kurzen — Zeit anwächst, um
145 659 1295 699 dann ebenso allmählig zu verklingen, ist es gewiss denkbar, dass
142 699 1292 740 zwei Eindrücke miteinander ganz wohl zu einem Continuum ver¬
142 742 1300 787 schmelzen können, wenn sie so rasch auf einander folgen, dass
141 787 1295 828 der erste noch nicht verschwunden ist, während der zweite bereits
141 827 271 868 eintritt.
225 868 1293 908 Nach dem bisher Gesagten wäre zu erwarten, dass einem ein¬
136 908 1295 956 fachen objectiv gegebenen Tone auch eine absolut einfache Ton¬
146 956 1299 995 wahrnehmung entspricht. Insoferne, als damit gemeint sein
138 996 1296 1035 sollte, dass ein einfacher Ton blos ein einziges Theilchen des
138 1035 1297 1083 Gehörapparates zum Mitschwingen bringt, also auch blos auf ein
142 1089 1300 1124 einziges Nervenende wirkt, muss man allem Anscheine nach aus
142 1124 826 1172 einem doppelten Grunde widersprechen.
346 1228 1098 1283 § 5. Erregbarkeit der Nachbarnerven.
223 1299 1296 1354 „Wenn die Tonhöhe des ursprünglich tönenden Körpers nicht
135 1339 1293 1389 ganz genau der des mittönenden Körpers gleich ist, so schwingt
137 1388 1296 1435 der letztere doch oft noch merklich mit, desto weniger, je grösser
142 1426 1298 1474 die Differenz der Tonhöhe ist. In dieser Beziehung zeigen aber
134 1467 1302 1506 die verschiedenen tönenden Körper sehr grosse Unterschiede . . . .
137 1506 1299 1548 Körper von geringer Masse, welche ihre Bewegung leicht an die
136 1547 1295 1596 Luft abgeben und schnell austönen, wie z. B. gespannte Membranen,
134 1588 1287 1635 Saiten einer Violine, sind leicht in Mitschwingung zu versetzen,
139 1639 1300 1675 weil auch rückwärts die Bewegung der Luft wieder leicht auf sie
136 1730 1297 1780 muthet: „Wahrscheinlich hat jeder musikalische Ton seinen eigenen Antheil
137 1772 1296 1811 am Organ. Ausserdem ist nicht wohl einzusehen, wie gleichzeitige Töne
129 1812 1292 1849 gesondert bleiben, und warum sie nicht einen dritten gemischten Ton
133 1839 1289 1875 ergeben, welches die ästhetische Auffassung der Intervalle vernichten würde.”
134 1868 1292 1908 Lehrbuch zur Psychologie § 72. Sämmtliche Werke, herausgegeben von
137 1900 904 1947 G. Hartenstein. 1850—1852. V. Bd. S. 54.
215 1931 1292 1967 **) Vgl. Lehrbuch der Psychologie von Ph. Dr. Wilhelm Volk¬
132 1971 1293 2011 mann Ritter von Volkmar. Cöthen, Otto Schulze, 1875. I. Bd.
133 2003 879 2044 S. 261. — Bezüglich des Folgenden: I. S. 227.
