<?xml version="1.0" encoding="UTF-8" standalone="yes"?>
<PcGts xmlns="http://schema.primaresearch.org/PAGE/gts/pagecontent/2013-07-15" xmlns:xsi="http://www.w3.org/2001/XMLSchema-instance" xsi:schemaLocation="http://schema.primaresearch.org/PAGE/gts/pagecontent/2013-07-15 http://schema.primaresearch.org/PAGE/gts/pagecontent/2013-07-15/pagecontent.xsd">
    <Metadata>
        <Creator>prov=University of Rostock/Institute of Mathematics/CITlab|PLANET AI GmbH/Gundram Leifert/gundram.leifert@planet-ai.de:name=ONB_Newseye_GT_M1+(htr_id=10810)::::v=2.6.7
prov=University of Rostock/Institute of Mathematics/CITlab|PLANET AI GmbH/Tobias Gruening/tobias.gruening@planet-ai.de:name=de.uros.citlab.module.baseline2polygon.B2PSeamMultiOriented:v=2.6.7
prov=University of Rostock/Institute of Mathematics/CITlab|PLANET AI GmbH/Tobias Gruening/tobias.gruening@planet-ai.de:name=/net_tf/LA73_249_0mod360.pb:de.uros.citlab.segmentation.CITlab_LA_ML:v=2.6.6
Transkribus</Creator>
        <Created>2020-12-03T18:01:32.746+01:00</Created>
        <LastChange>2021-07-14T18:30:34.728+02:00</LastChange>
        <TranskribusMetadata docId="548790" pageId="22902747" pageNr="132" tsid="61441711" status="IN_PROGRESS" userId="74363" imgUrl="https://files.transkribus.eu/Get?id=OZOHKUFKHHRKQIPVCDUYPXJY&amp;fileType=view" xmlUrl="https://files.transkribus.eu/Get?id=GIYJQTVJUTNZAOFKYUZKJCIW" imageId="17866038"/>
    </Metadata>
    <Page imageFilename="Hostinský1879-0132.jpg" imageWidth="1407" imageHeight="2241" type="content">
        <ReadingOrder>
            <OrderedGroup id="ro_1626454121298" caption="Regions reading order">
                <RegionRefIndexed index="0" regionRef="TextRegion_1626275253861_357"/>
                <RegionRefIndexed index="3" regionRef="TextRegion_1626275243960_352"/>
                <RegionRefIndexed index="5" regionRef="TextRegion_1626275236452_344"/>
                <RegionRefIndexed index="7" regionRef="TextRegion_1626275231495_336"/>
                <RegionRefIndexed index="8" regionRef="TextRegion_1626275227552_332"/>
            </OrderedGroup>
        </ReadingOrder>
        <TextRegion orientation="0.0" type="page-number" id="TextRegion_1626275253861_357" custom="readingOrder {index:0;} structure {type:page-number;}">
            <Coords points="103,80 1260,80 1260,146 103,146"/>
            <TextLine id="r1l1" custom="readingOrder {index:0;}">
                <Coords points="633,116 793,108 792,58 632,69"/>
                <Baseline points="640,108 669,106 698,106 727,106 756,105 786,100"/>
                <TextEquiv>
                    <Unicode>124 —</Unicode>
                </TextEquiv>
            </TextLine>
            <TextEquiv>
                <Unicode>124 —</Unicode>
            </TextEquiv>
        </TextRegion>
        <GraphicRegion id="Graphic_1626275277296_365" custom="readingOrder {index:1;} structure {type:floating;}">
            <Coords points="103,146 446,146 446,541 103,541"/>
        </GraphicRegion>
        <MusicRegion id="Music_1626275291433_372" custom="readingOrder {index:2;} structure {type:floating;}">
            <Coords points="446,146 1260,146 1260,541 446,541"/>
        </MusicRegion>
        <TextRegion orientation="0.0" type="paragraph" id="TextRegion_1626275243960_352" custom="readingOrder {index:3;} structure {type:paragraph;}">
            <Coords points="103,541 1260,541 1260,640 103,640"/>
            <TextLine id="r1l26" custom="readingOrder {index:0;}">
                <Coords points="189,595 1259,589 1259,561 1043,547 190,556"/>
                <Baseline points="197,584 249,584 302,584 355,584 408,584 460,585 513,585 566,585 619,585 671,585 724,586 777,586 830,586 882,586 935,586 988,586 1041,586 1093,585 1146,585 1199,584 1252,584"/>
                <TextEquiv>
                    <Unicode>Aehnlich verhält es sich nun mit der Auflösung des Septimen¬</Unicode>
                </TextEquiv>
            </TextLine>
            <TextLine id="r1l27" custom="readingOrder {index:1;}">
                <Coords points="98,635 1215,635 1215,602 98,604"/>
                <Baseline points="105,627 160,627 215,627 270,627 325,627 380,627 435,627 491,627 546,627 601,628 656,628 711,628 766,628 821,628 877,628 932,628 987,628 1042,628 1097,628 1152,628 1208,627"/>
                <TextEquiv>
                    <Unicode>accordes der ersten Stufe in den Dreiklang der Unterdominante:</Unicode>
                </TextEquiv>
            </TextLine>
            <TextEquiv>
                <Unicode>Aehnlich verhält es sich nun mit der Auflösung des Septimen¬
accordes der ersten Stufe in den Dreiklang der Unterdominante:</Unicode>
            </TextEquiv>
        </TextRegion>
        <GraphicRegion id="Graphic_1626275306237_380" custom="readingOrder {index:4;} structure {type:floating;}">
            <Coords points="103,640 1260,640 1260,869 103,869"/>
        </GraphicRegion>
        <TextRegion orientation="0.0" type="paragraph" id="TextRegion_1626275236452_344" custom="readingOrder {index:5;} structure {type:paragraph;}">
            <Coords points="103,869 1260,869 1260,1092 103,1092"/>
            <TextLine id="r1l37" custom="readingOrder {index:0;}">
                <Coords points="197,923 1261,925 1261,883 1094,876 1046,900 198,883"/>
                <Baseline points="204,913 256,912 309,912 361,911 414,911 466,911 519,911 571,911 624,912 676,912 729,912 781,913 834,913 886,913 939,913 991,914 1044,914 1096,914 1149,914 1201,914 1254,913"/>
                <TextEquiv>
                    <Unicode>Auch hier schreitet der eine Theil der Dissonanz. e“, normal,</Unicode>
                </TextEquiv>
            </TextLine>
            <TextLine id="r1l38" custom="readingOrder {index:1;}">
                <Coords points="106,964 1265,962 1265,931 1167,924 106,928"/>
                <Baseline points="114,956 171,955 228,955 285,955 342,954 399,954 456,954 514,954 571,955 628,955 685,955 742,955 799,955 856,955 914,955 971,956 1028,956 1085,956 1142,956 1199,955 1257,955"/>
                <TextEquiv>
                    <Unicode>der andere, g“ aber vorgreifend zum Klange ###, weshalb zur</Unicode>
                </TextEquiv>
            </TextLine>
            <TextLine id="r1l39" custom="readingOrder {index:2;}">
                <Coords points="109,1011 1236,1009 1261,973 109,974"/>
                <Baseline points="117,997 173,997 230,996 287,996 344,996 401,996 458,996 514,996 571,996 628,996 685,997 742,997 799,997 856,997 912,998 969,998 1026,997 1083,997 1140,997 1197,996 1254,995"/>
                <TextEquiv>
                    <Unicode>vollständigen Befriedigung noch der Klang e“ nachträglich ein¬</Unicode>
                </TextEquiv>
            </TextLine>
            <TextLine id="r1l40" custom="readingOrder {index:3;}">
                <Coords points="111,1051 1263,1050 1263,1020 1172,1004 111,1011"/>
                <Baseline points="118,1039 174,1039 231,1039 288,1038 345,1038 402,1038 459,1038 516,1039 573,1039 630,1039 687,1039 743,1040 800,1040 857,1040 914,1040 971,1040 1028,1040 1085,1040 1142,1040 1199,1039 1256,1039"/>
                <TextEquiv>
                    <Unicode>treten muss, sei es unmittelbar oder nach einigen eingeschobenen</Unicode>
                </TextEquiv>
            </TextLine>
            <TextLine id="r1l41" custom="readingOrder {index:4;}">
                <Coords points="97,1091 616,1092 616,1059 519,1050 479,1050 459,1070 392,1051 97,1058"/>
                <Baseline points="105,1082 130,1082 155,1082 180,1081 205,1081 231,1081 256,1081 281,1081 306,1081 331,1081 357,1081 382,1081 407,1081 432,1081 457,1081 483,1081 508,1081 533,1081 558,1081 583,1081 609,1081"/>
                <TextEquiv>
                    <Unicode>Zwischenharmonien. Ebenso:</Unicode>
                </TextEquiv>
            </TextLine>
            <TextEquiv>
                <Unicode>Auch hier schreitet der eine Theil der Dissonanz. e“, normal,
der andere, g“ aber vorgreifend zum Klange ###, weshalb zur
vollständigen Befriedigung noch der Klang e“ nachträglich ein¬
treten muss, sei es unmittelbar oder nach einigen eingeschobenen
Zwischenharmonien. Ebenso:</Unicode>
            </TextEquiv>
        </TextRegion>
        <GraphicRegion id="Graphic_1626275317703_388" custom="readingOrder {index:6;} structure {type:floating;}">
            <Coords points="103,1092 1260,1092 1260,1321 103,1321"/>
        </GraphicRegion>
        <TextRegion orientation="0.0" type="paragraph" id="TextRegion_1626275231495_336" custom="readingOrder {index:7;} structure {type:paragraph;}">
            <Coords points="103,1321 1260,1321 1260,1590 103,1590"/>
            <TextLine id="r1l47" custom="readingOrder {index:0;}">
                <Coords points="189,1372 1254,1371 1254,1334 1193,1331 189,1332"/>
                <Baseline points="196,1362 248,1362 301,1362 353,1362 406,1362 458,1362 511,1362 563,1362 616,1362 668,1362 721,1362 774,1362 826,1362 879,1362 931,1362 984,1362 1036,1363 1089,1363 1141,1363 1194,1363 1247,1363"/>
                <TextEquiv>
                    <Unicode>Dissonanzen verbundener Klänge können ferner nach Art jener</Unicode>
                </TextEquiv>
            </TextLine>
            <TextLine id="r1l48" custom="readingOrder {index:1;}">
                <Coords points="104,1411 1160,1419 1257,1412 1257,1371 104,1380"/>
                <Baseline points="112,1401 168,1402 225,1403 282,1403 339,1404 396,1404 453,1404 509,1404 566,1404 623,1404 680,1404 737,1404 794,1403 851,1403 907,1403 964,1403 1021,1403 1078,1403 1135,1403 1192,1403 1249,1404"/>
                <TextEquiv>
                    <Unicode>unverbundener Klänge einer gemischten Auflösung zugeführt</Unicode>
                </TextEquiv>
            </TextLine>
            <TextLine id="r1l49" custom="readingOrder {index:2;}">
                <Coords points="111,1459 1258,1448 1231,1411 111,1420"/>
                <Baseline points="118,1444 174,1444 231,1444 287,1445 344,1445 401,1445 457,1445 514,1445 570,1444 627,1444 684,1444 740,1444 797,1444 853,1444 910,1444 967,1444 1023,1444 1080,1444 1136,1444 1193,1444 1250,1445"/>
                <TextEquiv>
                    <Unicode>werden, indem der Eine Bestandtheil harmonisch zu seinem näch¬</Unicode>
                </TextEquiv>
            </TextLine>
            <TextLine id="r1l50" custom="readingOrder {index:3;}">
                <Coords points="99,1499 1251,1499 1229,1451 99,1460"/>
                <Baseline points="106,1485 162,1485 219,1486 276,1486 333,1486 390,1486 447,1486 504,1486 561,1486 618,1486 675,1486 731,1486 788,1486 845,1486 902,1486 959,1486 1016,1486 1073,1486 1130,1486 1187,1486 1244,1487"/>
                <TextEquiv>
                    <Unicode>sten Verwandten, der andere hingegen melodisch zu seinem näch¬</Unicode>
                </TextEquiv>
            </TextLine>
            <TextLine id="r1l51" custom="readingOrder {index:4;}">
                <Coords points="103,1539 569,1538 569,1506 503,1492 474,1506 360,1495 344,1506 103,1504"/>
                <Baseline points="110,1527 135,1527 160,1527 185,1528 210,1528 235,1528 260,1528 285,1528 310,1528 336,1528 361,1527 386,1527 411,1527 436,1527 461,1528 486,1528 511,1528 536,1528 562,1529"/>
                <TextEquiv>
                    <Unicode>sten Nachbar fortschreitet:</Unicode>
                </TextEquiv>
            </TextLine>
            <TextEquiv>
                <Unicode>Dissonanzen verbundener Klänge können ferner nach Art jener
unverbundener Klänge einer gemischten Auflösung zugeführt
werden, indem der Eine Bestandtheil harmonisch zu seinem näch¬
sten Verwandten, der andere hingegen melodisch zu seinem näch¬
sten Nachbar fortschreitet:</Unicode>
            </TextEquiv>
        </TextRegion>
        <TextRegion orientation="0.0" type="footnote" id="TextRegion_1626275227552_332" custom="readingOrder {index:8;} structure {type:footnote;}">
            <Coords points="103,1590 1260,1590 1260,1713 103,1713"/>
            <TextLine id="r1l52" custom="readingOrder {index:0;}">
                <Coords points="189,1662 1267,1657 1123,1628 189,1628"/>
                <Baseline points="196,1655 249,1655 302,1656 355,1656 408,1657 462,1657 515,1657 568,1657 621,1657 674,1657 728,1657 781,1657 834,1657 887,1657 940,1657 994,1657 1047,1657 1100,1657 1153,1657 1206,1658 1260,1658"/>
                <TextEquiv>
                    <Unicode>*) Natürlich muss man die Quintenparallele 7—e“ . . . 9—4“ zu ver¬</Unicode>
                </TextEquiv>
            </TextLine>
            <TextLine id="r1l53" custom="readingOrder {index:1;}">
                <Coords points="95,1700 529,1699 529,1668 95,1666"/>
                <Baseline points="103,1691 129,1691 155,1692 181,1692 207,1692 233,1692 259,1692 285,1692 312,1692 338,1692 364,1691 390,1691 416,1691 442,1691 468,1691 494,1691 521,1691"/>
                <TextEquiv>
                    <Unicode>meiden suchen; also etwa:</Unicode>
                </TextEquiv>
            </TextLine>
            <TextEquiv>
                <Unicode>*) Natürlich muss man die Quintenparallele 7—e“ . . . 9—4“ zu ver¬
meiden suchen; also etwa:</Unicode>
            </TextEquiv>
        </TextRegion>
        <MusicRegion id="Music_1626275354525_397" custom="readingOrder {index:9;} structure {type:floating;}">
            <Coords points="103,1713 1260,1713 1260,2008 103,2008"/>
        </MusicRegion>
    </Page>
</PcGts>
