1407 2241
492 636 973 707 RÜCKBLICK.
245 828 1304 900 Mit der Betrachtung der mehrstimmigen Dissonanzen ist die
157 899 1302 947 Aufgabe dieser Schrift, die sich nur mit der Lehre von den musi¬
156 940 1307 988 kalischen Klängen als solchen, ohne Rücksicht auf irgend ein bestimm¬
155 979 1303 1028 tes, historisch gewordenes Tonsystem, zu befassen hatte, zwar nicht
154 1027 1308 1072 vollkommen erschöpfend, aber doch mindestens der Hauptsache nach
150 1075 1303 1122 gelöst. Die Beantwortung der weiteren Fragen: wie sich die ver¬
156 1107 1306 1155 schiedenen Systeme; mit denen uns die Geschichte der Tonkunst
158 1148 1309 1195 bekannt macht, entwickelt haben, wie namentlich das gegenwärtig
159 1195 1304 1244 herrschende abendländische rationell zu construiren sei, wie sich
161 1242 1302 1284 die mannigfaltigen Erscheinungsformen Eines und desselben Systems
163 1274 1305 1324 die Tongeschlechter und die Tonarten zu einander verhalten,
163 1322 1306 1364 welche Bedeutung in der heutigen Musik die diatonische und die
158 1368 1306 1412 chromatische Scala besitzt, inwieferne ein bestimmtes Tonsystem
154 1403 1306 1452 zur objectiven Schranke für die schaffende Künstlerphantasie werden
161 1444 1312 1492 kann und muss, und noch so manche andere, damit zusammen¬
154 1484 1308 1532 hängende Erörterung bietet den reichhaltigsten Stoff für einen
158 1529 1313 1571 neuen, kaum minder umfangreichen Abschnitt der Aesthetik der
163 1571 924 1612 Tonkunst: die Lehre vom Tonsystem.
241 1611 1306 1666 Aus dem Vorhergehenden dürfte wohl hinreichend klar ge¬
154 1658 1307 1707 worden sein, dass die Lehre von den musikalischen Klängen, und
159 1706 1308 1748 zwar nicht nur ihr allgemeiner Consonanz und Dissonanz behan¬
158 1745 1314 1796 delnder Theil, sondern namentlich auch die ganze Accordlehre der
155 1785 1314 1828 Besprechung des Tonsystems vorangehen muss. Sobald man es
165 1827 1309 1875 versucht, die Regeln der Accordverwandtschaft und der Accord¬
157 1868 1312 1916 folge, der Auflösung der Dissonanzen u. s. f. aus der Beschaffenheit
160 1915 1305 1956 des Systems und seiner Erscheinungsformen abzuleiten, statt um¬
162 1957 1317 2012 gekehrt das System als blossen theoretischen Inbegriff der in der
