1407 2241
666 74 815 116 125
223 299 1302 347 Diese Auflösung des übermässigen Dreiklanges ist vielleicht
147 345 1297 388 die älteste; sie findet sich schon im Jahre 1593 bei Luca
139 387 395 434 Marenzio. *)
225 436 1300 481 Andererseits kann man auch Dissonanzen, die aus unver¬
146 479 1298 523 bundenen Klängen bestehen, nach Art der Vorhalts¬
144 522 1292 563 dissonanzen behandeln. Der eine Klang bleibt dann bestehen,
146 564 1299 604 der andere geht in denselben über, da aber zwischen beiden keine
142 604 1292 654 unmittelbare Verwandtschaft ist, entsteht eine vorgreifende Klang¬
142 651 1227 691 folge, welche nachträglich gerechtfertigt werden muss. Z. B.:
558 1186 869 1243 § 25. Zusätze.
221 1259 1283 1307 Es giebt auch scheinbare Dissonanzen, d. h. solche
138 1307 1293 1347 Accorde, die zwar aus lauter vollkommen consonanten Intervallen
141 1348 1287 1387 bestehen, deren einheitliche Deutung jedoch durch den Zusammen¬
141 1387 939 1431 hang des Tonstückes unmöglich gemacht wird.
217 1434 1297 1476 Des Quartsextaccordes wurde in dieser Beziehung bereits
142 1474 1295 1523 einigemal Erwähnung gethan. In gewissen Fällen gewinnt nämlich
137 1516 1289 1563 die im Basse liegende Quinte eine solche Selbständigkeit, dass z. B.
133 1558 1285 1612 der Accord g—c′—e{′ als eine Zweiheit von Accordklängen: g+
206 1667 1298 1711 *) S. C. F. Weitzmann: Geschichte des Septimenaccordes, Berlin
135 1707 894 1748 1854, S. 12 (allerdings in anderer Orthographie):
