1407 2241
663 66 733 115 54
119 155 1275 195 Dreiklanges wenden will. Wir werden diesen Weg, den jede exacte
115 195 1273 242 Forschung einhält, auch auf unserem Gebiete einschlagen müssen.
213 291 1170 347 § 11. Resultate. Verwandtschaft und Consonanz.
203 363 1273 404 Mit der Grösse des Intervalles wächst, wie wir wissen, auch
121 403 1267 451 die qualitative Verschiedenheit oder der Gegensatzgrad der Ton¬
116 457 1266 492 empfindungen. Je näher bei einander zwei Töne in der Tonlinie
114 499 1269 539 stehen, desto mehr gemeinschaftliche Elemente besitzen sie, desto
113 531 1273 571 ähnlicher sind sie; je entfernter sie von einander stehen, desto
110 571 1271 619 fremder werden sie sich gegenseitig, bis sie schliesslich gar nichts
119 615 1272 659 Gemeinsames mehr aufweisen, nur durch die Reproduction der
117 660 1264 707 Zwischenstufen in einen Zusammenhang gebracht werden können,
110 699 1263 748 einander nicht blos gleichgültig, sondern, wenn sie in Eins zu¬
110 753 1269 797 sammengefasst, durch Einen Act vorgestellt werden sollen, geradezu
117 790 1273 827 unvereinbar, unverträglich gegenüberstehen. Aber wir hören bei
122 828 1273 875 jedem musikalischen Klange mit dem Grundtone zugleich auch
115 874 1265 916 seine Octave, Duodecime u. s. w. als Partialtöne, und zwar immer
116 915 1274 956 in denselben natürlichen harmonischen Verhältnissen. Da dies nicht
119 956 1272 1003 etwa ein vereinzelter Fall, sondern eine constante Erscheinung
113 996 1271 1036 ist, die mit jedem musikalischen Klange wiederkehrt, so kann sie
118 1035 1271 1083 für die Dauer nicht ohne Einfluss auf unser Gehör bleiben. Wenn
110 1091 1270 1129 zwei Vorstellungen, die einander ursprünglich gleichgültig oder gar
116 1123 1263 1174 feindselig gegenüberstanden, oft in derselben Weise gleichzeitig
117 1164 1265 1210 wiederkehren und sich dies beharrlich durch längere Zeit fortsetzt,
115 1204 1265 1250 so verlieren sie allmählig immer mehr von ihrer Unverträglichkeit,
117 1244 1260 1292 werden toleranter gegen einander, ja sie verschmelzen schliesslich
107 1284 1263 1332 miteinander, als ob sie seit jeher zusammengehörten. Die Ge¬
114 1331 1268 1372 wohnheit stumpft und schleift die Ecken ab und schlingt ein
114 1371 1264 1411 festes Band um die beiden Vorstellungen. Der Psycholog würde
111 1411 1267 1459 sagen: sie hemmen einander, verschmelzen aber dann um so inniger,
111 1451 1265 1498 je öfter sie zusammen auftreten, werden einander „Hülfen”, die
113 1491 1264 1538 sich gegenseitig heben und fördern, wenn sie gleichzeitig sind, die
106 1539 1256 1579 sich reproduciren und fordern, wenn eine von ihnen isolirt vor¬
113 1579 1266 1619 kommt. Der Musiker muss sagen: die Tonvorstellungen
112 1617 1265 1666 werden verwandt. Es ist ja unter Menschen nicht anders;
113 1659 1263 1708 die Gewohnheit verknüpft Leute der verschiedensten Temperamente
113 1699 1258 1747 und Charaktere, der verschiedensten Bildungsgrade und Lebens¬
112 1747 1265 1787 interessen, der verschiedensten Geistesrichtungen und socialen
110 1788 1263 1827 Stellungen mit einem Bande, das oft fester und inniger ist, als die
110 1827 1260 1870 nächsten Familienbeziehungen, ja sie vermag sogar Feinde zu ver¬
105 1875 1262 1916 söhnen, in Freunde umzuwandeln. In unserem Vorstellungsleben
110 1917 1267 1963 spielt sie eine gar wichtige Rolle. An den Buchstaben schmiegt
106 1955 1258 1995 sich durch Angewöhnung die Lautvorstellung, an das Wort der
103 1995 1259 2041 Begriff, alles Lernen ist nur ein „Angewöhnen”. Das Schimpf¬
