1407 2241
681 67 814 108 37
137 332 1281 379 Man sieht, dass sich die in unserer Musik gebräuchlichen Inter¬
134 379 1293 420 valle durch Zahlen ausdrücken lassen, die durch die Primfactoren
134 418 1284 459 1, 2, 3 und 5 entstehen. Ferner bemerkt man, dass in der vor¬
134 459 1297 508 stehenden Uebersicht der durch die Erfahrung festgestellte Grad
132 499 1288 545 des Wohlklanges Hand in Hand zu gehen scheint mit der Einfach¬
130 539 1295 587 heit des betreffenden Zahlenverhältnisses: je grösser die Ziffern
133 587 1289 627 sind, mit denen das Verhältniss in seiner einfachsten Form
134 627 1297 675 geschrieben wird, desto geringer die Consonanz, beziehungsweise
143 668 1289 723 desto grösser die Dissonanz. Man wird es also begreiflich finden,
140 715 1290 755 dass von Pythagoras angefangen bis in die neueste Zeit hinein das
143 755 1287 796 Wesen der Consonanz in unmittelbarste Verbindung mit der Beschaffen¬
137 795 1298 841 heit jener Zahlenverhältnisse gebracht worden ist. Von der
141 834 1285 883 Seele wurde angenommen, dass sie die einfacheren, leichter fass¬
132 883 1286 931 lichen Verhältnisse der Schwingungen ohne besondere Schwierig¬
129 923 1282 971 keiten auffasst und deshalb ein gewisses Vergnügen dabei empfindet,
130 971 1289 1012 während die verwickelteren und minder übersichtlichen Verhältnisse
137 1011 1296 1052 der Auffassung Hindernisse in den Weg legen und daher Quelle
135 1051 1297 1091 eines merklichen Unbehagens werden. Gegen diese Ansicht, die
135 1091 1295 1140 in den mannigfachsten Formen aufgetreten ist, lassen sich jedoch
132 1140 1294 1187 gewichtige Einwände erheben. Zunächst muss betont werden, dass
138 1179 1294 1228 unser Gehör gar nichts von den Schwingungen der Luft weiss,
132 1218 1290 1259 indem der Nervenapparat nicht die Anzahl derselben, sondern eine
136 1269 1284 1316 ganz eigenthümliche Empfindungsqualität und zwar continuirlich,
134 1307 1291 1347 nicht etwa stossweise der Seele zuführt. Im Tone selbst, d. h. in
135 1347 1298 1388 unserer Wahrnehmung desselben, kann um so weniger etwas von
134 1387 1295 1435 Schwingungszahl u. s. w. liegen, als es ja sehr wahrscheinlich ist,
133 1427 1287 1467 dass sowohl derselbe einfache objective Ton, also dieselbe
135 1467 1285 1515 Schwingungszahl, im Stande ist, mehrere verschie¬
133 1508 1290 1556 dene Tonempfindungen hervorzurufen, indem sie ja
128 1558 1295 1596 nicht blos eine einzige Nervenfaser reizt, als auch andererseits
140 1595 1288 1636 wieder ein und dieselbe Tonempfindung durch die ver¬
130 1636 1295 1675 schiedensten objectiven Töne veranlasst werden
127 1676 1291 1715 kann. Man erinnere sich an die Reizbarkeit der Nachbarfasern
129 1715 1288 1761 und an die subjectiven Untertöne. Ein objectiver Ton von 264
129 1756 1292 1803 Schwingungen wird z. B. nach den mitgetheilten Annahmen nicht
135 1803 1291 1844 blos die einzige dem c′ entsprechende Nervenfaser, sondern auch
133 1844 1287 1884 die Nachbarfasern nach oben und unten, im Ganzen also die
131 1884 1288 1932 etwa einem ganzen Tone, von h bis cis′ zugehörige Region des
133 1924 1290 1971 Gehörorgans reizen und natürlich auch die betreffenden (nach
124 1971 1290 2008 Helmholtz beiläufig 66) qualitativ verschiedenen Empfindungs¬
134 2011 1297 2057 elemente auslösen; ebenso wird er der zweiten Hypothese zufolge
