1407 2241
645 74 733 116 126
115 157 1260 203 und c+, mithin als Dissonanz aufgefasst wird, und sich dann ent¬
109 207 1262 252 weder als Vorbehalt nach g+ oder aber mittels einer Trugfort¬
106 242 1260 284 schreitung nach g+ + f+ (in den Dominantseptimenaccord), zuvor
109 290 1273 332 wohl auch noch nach f+ + d+ (in den „falschen” Mollaccord der
114 323 1261 378 2. Stufe in Dur) u. dgl. wendet, um schliesslich zum Klange c+
109 370 294 412 zu führen.
197 411 1264 452 Der Molldreiklang spielt ebenfalls nicht selten die Rolle
106 452 1259 493 einer Dissonanz, und zwar die einer ziemlich schroffen. Dies ge¬
110 503 1261 546 schieht namentlich dann, wenn uns die Klangfolge mit zwingender
108 539 1270 578 Gewalt zu zweien seiner tonischen Theilklänge führt und die beiden
108 579 1264 620 hinreichend auseinanderhält, während der dritte, durch die Quinte
116 621 1263 675 vertretene, also wichtigste Theilklang, gar nicht zur Geltung kommt,
109 674 1262 715 somit die einigende Basis für die phonische Auffassung des Drei¬
106 707 506 753 klanges fehlt. Z. B.:
107 1091 1263 1146 Der dritte Accord g—h{—e′—g′ also ein reiner Mollsextaccord,
111 1139 1270 1178 erscheint als Dissonanz. Die Theilung der oberen und unteren
109 1179 1124 1219 zwei Stimmen bei a) macht die Klangfarbe ganz deutlich:
282 1227 1065 1283 Oberstimmen: c+ . . . g+ . . . c+ . . . c+ ;
284 1274 1086 1315 Unterstimmen: c+ . . . c+ . . . g+ . . . c+.
114 1329 1171 1379 Also nicht: c+ . . . c+ + g+ . . . h{0 . . . c+ , sondern: c+ . . .
108 1378 1260 1418 c+ + g+ . . . g+ + c+ . . . c+. Das c+ des dritten Accordes er¬
115 1411 1259 1459 scheint als Vorausnahme des letzten, wie das Beispiel sub b) zeigt,
114 1458 1272 1500 welches sich nur durch eine Verspätung des e{′ von dem früheren
115 1506 1266 1540 unterscheidet, dadurch aber den Klang g+ (auf dem 3. Viertel des
114 1539 1271 1587 2. Taktes) zur Erscheinung bringt und den ganzen Zusammenhang
105 1579 582 1628 in dieser Weise klar legt:
114 1782 1271 1834 Dieses Beispiel ist auch deshalb belehrend, weil es nicht nur zeigt,
110 1828 1263 1873 dass das tonische Quintintervall im phonischen Dreiklange das
109 1875 1265 1915 wesentlichste ist, sondern auch ein schlagendes Argument gegen
109 1911 1269 1954 die durch v. Oettingen aufgestellte Gleichwerthigkeit der Toni¬
111 1955 1272 1994 cität und Phonicität bietet. Sub c) finden wir nämlich das genaue
104 1996 1264 2043 phonische „Spiegelbild” unserer Stelle. Der dritte Accord müsste
