1407 2241
663 66 724 108 56
119 148 1273 195 Andere in den Hintergrund drängt und schon an und für sich
118 194 1267 236 hinreichen würde, die Entwicklung der Verwandtschaft zwischen
125 235 1274 275 einander ursprünglich fremd gegenüberstehenden Vorstellungen zu
115 284 1276 327 erklären. Das Phänomen, um welches es sich hier handelt, besitzt
119 319 1266 363 alle zu dieser Erklärung erforderlichen Eigenschaften: es ist con¬
119 363 1267 403 stant, indem die harmonische Zusammensetzung der Vocalklänge im
123 402 1274 444 Wesentlichen trotz aller Unterschiede der Färbung doch dieselbe
120 443 1264 491 bleibt, die Intervalle der Partialtöne sind die natürlichen, die
113 484 1266 531 Stimme ist dasjenige Instrument, dessen Gebrauch kein zufälliger
116 530 1273 571 und zeitweiliger, sondern ein nothwendiger und allgemeiner
118 571 1270 611 ist, und hat gewiss schon zu einer Zeit die vollste Aufmerk¬
117 621 1274 659 samkeit des Hörenden in Anspruch genommen, wo es sich noch
120 659 1275 699 durchaus nicht um eine musikalische Kundgebung, sondern um reinen
115 699 1269 739 Gedanken- und Gefühlsausdruck, also um eine sprachliche Mit¬
118 739 418 787 theilung handelte.
203 779 1266 827 Doch haben wir schon angedeutet, dass die Beschaffenheit der
120 826 1267 867 Stimmlaute für die Entwickelung des musikalischen Gehörs auch
118 862 1276 907 insoferne von Wichtigkeit zu sein scheint, als die menschliche
123 907 1269 947 Stimme das Vorbild aller künstlich erzeugten Instru¬
121 954 1275 995 mentalklänge wurde, die dann aus später anzuführenden Gründen
121 995 1277 1044 auf den Sinn für Tonverwandtschaft in der ausgiebigsten Weise
125 1041 1276 1075 wirkten. Sobald die Stufe der blossen Lust am Schalle überwunden
117 1081 1280 1124 war gesellten sich zu den rhythmischen Schlaginstrumenten auch
125 1123 1275 1164 solche, die eine tonale Bedeutung hatten. Zunächst wird man
118 1168 1275 1212 solche Instrumente vorgezogen haben, deren Klänge ebenso gefärbt
120 1210 1265 1243 erschienen, also in derselben Weise aus Partialtönen zusammen¬
117 1243 1273 1292 gesetzt waren, wie die menschlichen Vocalklänge. Der Umstand,
125 1284 1272 1323 dass harmonische Partialtöne hauptsächlich dann entstehen, wenn
124 1323 1275 1363 lie Structur der Schallquelle und der Impuls eine gewisse Regel¬
123 1364 1272 1404 mässigkeit haben, konnte diese Wahl nur befördern. Man kann
123 1412 1272 1451 also füglich behaupten, dass die Nachahmung der natürlichen Stimm¬
120 1445 1279 1499 laute durch verschiedene künstliche Werkzeuge den hauptsächlichsten
129 1490 1273 1531 Anstoss zur Entwickelung der Instrumentalmusik gegeben hat.
125 1531 1271 1578 Bezüglich der Blasinstrumente bedarf es keiner weiteren Worte;
125 1571 1272 1612 die nicht gestrichenen, sondern gezupften Saiteninstrumente haben
125 1620 1275 1659 zwar nicht die Stetigkeit, wohl aber im Ganzen und Grossen die
122 1659 1268 1699 Klangfarbe, d. h. die harmonischen Partialtöne mit den Vocal-
121 1699 1280 1739 klängen gemein, können also ganz gut als eine Annäherung der
120 1739 1272 1787 rhythmischen, ursprünglich vollkommen unmusikalischen Schlag¬
123 1783 1267 1827 instrumente, die auch nur momentane Schallwirkungen hervor¬
124 1827 1275 1867 bringen, an die musikalische Klangfarbe der menschlichen Stimme
127 1866 449 1908 betrachtet werden.
207 1907 1281 1958 Natürlich darf man sich die Fortschritte in der Ausbildung
122 1951 1281 1995 des musikalischen Gehörs nicht sehr rasch denken; sie konnten
126 1997 1283 2043 nur durch die Mitwirkung unzähliger Generationen ermöglicht
