1407 2241
681 68 762 115 107
140 156 1303 195 und wird sich gewiss überzeugen, dass die Halbtonschritte befriedi¬
138 202 1298 251 gender klingen, als die Ganztonschritte, obgleich die harmonische
141 251 1298 290 Verwandtschaft zwischen er und des oder c“ und h“ eine schwä¬
142 291 1149 332 chere ist, als jene zwischen e“ und d“ oder er und 57.
225 346 1295 394 Natürlich können wir auf diese Weise nur zu mittelbar ver¬
144 395 1296 435 wandten Klängen fortschreiten; der Mangel an directer Ver¬
147 439 1291 482 wandtschaft, der sich durch einen der Vermittlung und Recht¬
142 475 1298 523 fertigung bedürftigen harmonischen Sprung kundgiebt, bleibt trotz
147 522 1296 564 des Fliessenden und Glatten dieser Folgen doch bestehen. Die
144 562 1295 604 beiden Principe der Tonbewegung, die Verwandtschaft und die
139 603 1304 651 Nachbarschaft der Klänge, sind eben specifisch verschieden, sie
142 650 1293 691 können wohl einander unterstützen und ergänzen, nicht aber er¬
139 690 1291 732 setzen und vertreten. Da sich nun ein Tonsystem nur auf Grund¬
139 732 1294 772 lage der Verwandtschaft denken lässt, so wird die modulatorische
137 771 1291 826 Construction gleichsam das Gerippe des Kunstwerkes, doch nur
135 825 1299 868 auf verwandtschaftliche Beziehungen angewiesen sein, und die
140 859 1299 899 Chromatik nur dort eine wichtigere Rolle spielen können, wo sich
141 900 1288 939 die Harmonik bereits so reich entfaltet hat, dass sie die Möglich¬
141 939 1290 986 keit zur harmonischen Rechtfertigung von Folgen selbst der ent¬
143 987 1189 1028 legensten Klänge bietet, wie z. B. bei Richard Wagner.
236 1043 1296 1083 Wenn wir uns zu der Bewegung der einzelnen Stimmen
138 1092 1301 1132 wenden, so müssen wir anerkennen, dass mit vollem Rechte ein
143 1131 1290 1180 grosses Gewicht auf die Singbarkeit auch dort gelegt wird, wo
143 1177 1297 1218 es sich durchaus nicht um Vocalcompositionen handelt. Die Leistungen
138 1211 1293 1259 unseres Stimmorganes haben einen bedeutenden Antheil nicht nur
139 1252 1301 1307 an der Entstehung der Tonreihe, sondern auch an der Entwickelung
141 1299 1300 1339 und künstlerischen Bildung des musikalischen Gehöres. Zwischen
138 1339 1297 1380 Stimme und Ohr herrscht eine stete Wechselbeziehung; was jener
138 1380 1292 1427 grosse Mühe verursacht, offenbart sich auch diesem als etwas Miss¬
145 1419 1296 1467 fälliges, da ja die Schwierigkeiten der Accomodation des Stimm¬
136 1466 1288 1509 apparates (der Intonation) schliesslich doch nur in der Auffassungs¬
138 1502 1302 1547 kraft und dem Gedächtnisse des Gehörsinnes wurzeln. Von diesem
137 1547 1302 1587 Gesichtspuncte aus sind die mannigfaltigen Regeln und Winke zu
143 1587 1300 1627 beurtheilen, welche die praktische Harmonielehre bezüglich der
138 1627 1297 1669 Stimmführung an die Hand giebt; namentlich dürfte für den
138 1675 1303 1712 sogenannten unharmonischen Querstand (bei sonst correcter
140 1708 1304 1755 Klangfolge) kaum eine andere, allgemein giltige Erklärung zu
138 1755 1291 1796 finden sein, als der Mangel an Singbarkeit. Dass es sich übrigens
143 1795 1299 1836 bei allen Regeln der Stimmführung nicht so sehr um absolute
139 1836 1297 1872 Verbote und Gebote, sondern vielmehr um die passende und recht¬
132 1875 1295 1924 zeitige Anwendung einer jeden Fortschreitung, mag sie nun mild
138 1929 1297 1971 oder herb klingen, handelt, liegt im Wesen der Sache. „In der
141 1963 1293 2004 That ist nichts in der Musik absolut verboten“, sagt Helmholtz
