1407 2241
655 68 741 116 104
119 155 1277 196 leglich, wie viel natürlicher und einfacher die Grundsätze über
117 195 1268 242 Accordverwandtschaft und Accordfolge sind, die wir im Vorstehen¬
115 239 1269 283 den entwickelt haben. Für uns ist jene Folge von Dreiklängen,
114 284 1272 332 gegen die das musikalische Gehör gewiss keine Einsprache erheben
119 323 1266 377 wird, eine Folge direct verwandter Klänge, die keiner Erklärung,
121 370 1275 412 keiner Rechtfertigung, keiner Vermittelung bedarf: die Folgen
114 412 1272 466 e{+ . . . c+, c+ . . . g+, g+ . . . d0, d0 . . . b}+ sind eben alle
114 466 1268 510 unmittelbar verständlich, gehören in die Eingangs dieses Paragraphen
114 501 1275 549 angeführte Reihe. Die Terzschritte e{+ . . . c+, a{+ . . . f+ oder
110 547 1267 604 g+ . . . b}+ werden wir also nicht als „Ellipsen”, als „figurae
107 595 1275 642 reticentiae” auffassen, wie es Graf Laurencin thut *), sondern
117 635 1267 691 vielmehr in eine Linie mit c+ . . . . g+ oder c+ . . . . f+ stellen,
111 684 1276 723 wenngleich wir nicht läugnen, dass die Terzverwandtschaft ein
117 720 945 764 loseres Band ist, als die Quintverwandtschaft **).
194 771 1274 819 Betrachten wir nun eine Folge mittelbar verwandter
113 820 1270 859 Accordklänge. Das Unvermittelte, Zusammenhangslose einer
111 859 1268 907 solchen Folge wird jedenfalls dadurch einigermassen gemildert,
107 899 1274 946 wenn der vermittelnde Klang als einzelner Ton in einem der
109 940 1273 988 beiden Accorde vorhanden ist. So findet sich z. B. bei der Folge
111 984 1271 1027 c+ . . . d+ der Vermittler g+ als Quinte im ersten, bei c+ . . . b+
110 1027 1270 1082 das vermittelnde f+ als Quinte im zweiten, bei c+ . . . des}+ die
116 1076 1266 1129 beiden vermittelnden Klänge f+ und as}+ als Terz und Quinte
109 1130 1266 1164 ebenfalls im zweiten der beiden Dreiklänge u. s. f. Allein die
110 1163 1271 1203 Selbständigkeit der Einzeltöne in einem consonanten, einheitlich
106 1204 1267 1251 gedeuteten Accorde ist doch nicht so gross, dass sie den harmo¬
105 1243 1272 1291 nischen Sprung zu einem entfernteren Verwandten vollständig
111 1283 1268 1330 rechtfertigen könnte. Das Auskunftsmittel, sich den Vermittler als
107 1324 1263 1372 wirklichen Accord eingeschoben zu denken”, dürfen wir nicht
108 1371 1272 1411 acceptiren, wenn wir eine ernste exacte Theorie der spielenden
118 1411 1269 1451 Willkür vorziehen. Wird aber der vermittelnde Accord nicht im
111 1451 1041 1492 blossen Gedanken, sondern thatsächlich eingeschoben:
287 1505 1089 1555 c+ . . . g+ . . . d+ ; c+ . . . f+ . . . b+,
109 1547 1263 1602 so erhalten wir lauter Folgen von unmittelbar verwandten Klängen;
110 1595 1272 1636 von einer Vermittelung braucht hier strenggenommen gar nicht die
111 1636 344 1675 Rede zu sein.
198 1684 1265 1727 Die Aufeinanderfolge zweier mittelbar verwand¬
105 1731 1262 1772 ter Dreiklänge ist eine „Dissonanz” im Gebiete der
186 1859 483 1908 *) A. a. O. S. 40.
173 1900 1268 1939 **) Dieselbe Ansicht über die Verwandtschaft der grossen Terz findet
102 1939 1262 1971 sich auch bei H. Riemann. Vgl. namentlich: Die Hülfsmittel der Mo¬
104 1972 1266 2011 dulation, Cassel, 1875. S. 9, 19, und Musikalische Syntaxis S. 17, 21, 41.
101 2002 1265 2044 Dagegen läugnet Riemann die Unmittelbarkeit des kleinen Terzschrittes.
