1407 2241
655 67 745 110 16
106 147 1267 196 die Differenztöne der ersten, zweiten, dritten, vierten und
98 195 1259 235 fünften Ordnung angegeben und durch Viertel-, Achtel- Sechs¬
102 228 1260 279 zehntel-, Zweiunddreissigstel- und Vierundsechzigstelnoten bezeichnet:
192 946 1261 988 Interessant ist hier die Wahrnehmung, dass sich die Dif¬
103 988 1267 1026 ferenztöne stets zur ganzen Reihe von harmonischen
107 1028 1268 1069 Partialtönen ergänzen, die hinauf bis zum höheren der
112 1068 1271 1115 beiden primären Töne reicht. Natürlich sind die Differenztöne
111 1115 1266 1155 erster Ordnung die stärksten; man meint in der Regel diese, wenn
102 1158 883 1203 man kurzweg von Combinationstönen spricht.
191 1203 1264 1243 Um den Stoff nicht zu sehr auseinanderzureissen, fügen wir
108 1243 1273 1289 hier noch eine Uebersicht der Differenztöne erster Ordnung
110 1283 1075 1331 für eine Anzahl von Dur- und Mollaccorden bei:
