1407 2241
696 73 765 117 25
137 162 1299 212 sprechenden Fasern der Membrana basilaris schwingen partiell mit
141 203 1286 251 und wir haben daher die Vorstellung der Untertöne implicite.” *)
140 242 1306 292 Das Ganze bleibt denn doch nur eine Hypothese, die man nicht
140 290 1296 331 anders, als vorsichtig und reservirt aussprechen sollte, von dem
144 331 1302 370 Weiterbauen der musikalischen Theorie auf einem so hypothetischen
144 370 1293 416 Grund und Boden gar nicht zu reden. Es frägt sich, ob wir inner¬
142 415 1302 467 halb der musikalischen Erfahrung werden etwas aufweisen können,
142 459 1304 500 was dieser Hypothese als Stütze dient. Zur Begründung der Lehre
142 497 1300 540 von der Consonanz und Dissonanz brauchen wir die Untertöne
143 539 1298 589 nicht; wir werden später sehen, dass uns hiezu andere Principien
145 581 1303 636 in vollstem Masse ausreichen. Ich wüsste nur Eine Erscheinung
143 626 1299 676 zu nennen, die recht gut, wenn auch durchaus nicht ausschliesslich,
140 664 1291 709 durch die Existenz der Untertöne zu erklären wäre: das Wohl¬
139 710 1288 762 gefallen an den einzelnen musikalischen, d. h. aus har¬
143 762 1300 797 monischen Partialtönen bestehenden Klängen. Warum nennen
141 795 1299 836 wir diese Partialtöne „harmonisch”? Wohl, weil sie zu einander
137 834 1297 888 passen, stimmen; sie müssen also eine gewisse Beziehung zu ein¬
136 883 1296 924 ander haben, die den Widerstreit nicht aufkommen lässt. Die im
136 920 1300 970 Ohre entstehenden Obertöne, **) beziehungsweise ihre Coincidenz,
141 961 1294 1004 kann doch wohl nur einen sehr geringen Antheil an jenem Wohl¬
144 1002 1302 1058 gefallen, haben, da diese an sich schwachen entotischen Erschei¬
133 1049 1297 1091 nungen nur dann einzutreten scheinen, wenn die Intensität der
137 1096 1295 1138 objectiv gegebenen Töne einen gewissen höheren Grad erreicht hat.
226 1169 1294 1213 *) In seiner späteren Skizze: Die objective Existenz der Untertöne
130 1204 1299 1241 in der Schallwelle (Cassel 1875), freut sich Riemann „Gründe gefunden
136 1240 1302 1277 zu haben, die Untertöne als objectiv in der Schallwelle existirend
137 1279 1295 1316 anzusehen”, wodurch seine frühern an Helmholtz anschliessende Hypo¬
136 1306 1296 1346 these „zum mindesten als nicht mehr nöthig erscheint” (S. 4). Doch finden
142 1347 1295 1381 wir in diesem Schriftchen wieder nur Hypothesen; erst in der Vorrede zur
154 1372 1281 1411 „Musikalischen Syntaxis. Grundriss einer harmonischen Sattzbildungslehre”
143 1405 1296 1448 (Leipzig, 1877) weist Riemann auf die von ihm gemachte Entdeckung
141 1442 1301 1476 hin, „dass dämpferfreie Saiten, welche Untertönen eines angeschlagenen
142 1474 1299 1513 Tones entsprechen, nicht nur partielle, sondern auch totale Schwingungen
143 1509 1299 1546 machen, wodurch die Untertöne hörbar werden” (S. XIII, ferner S. 6,
142 1541 1293 1578 121 ff.). Helmholtz hat nun in der vierten Auflage seiner Lehre von
134 1570 1295 1611 den Tonempfindungen (Leipzig 1877, S. 587) erklärt, er habe sich von der
140 1604 1298 1640 Richtigkeit dieser Thatsache nicht überzeugen können; „vielleicht ist der
142 1635 1298 1673 Autor (Riemann) dadurch getäuscht worden, dass an stark resonirenden
147 1674 1292 1713 (namentlich wohl älteren) Instrumenten jede kräftige Erschütterung, also
136 1706 1300 1747 vielleicht auch ein kräftiger Tastenschlag, ganz unabhängig von der Ton¬
135 1729 1299 1772 höhe, einzelne oder mehrere von den tieferen Saiten zum Tönen bringen
131 1770 1300 1807 kann.” In der That braucht es durchaus nicht einer von den Obertönen
134 1805 1298 1846 der betreffenden Saite zu sein, der dieselbe (falls sie vom Dämpfer befreit
138 1837 1296 1874 ist) zum Tönen bringt, wie sich Jedermann durch einen Versuch am
138 1873 1293 1916 Clavier überzeugen kann. Uebrigens ist diese ganze Streitfrage für unsere
136 1906 1297 1946 speciellen Zwecke nur von untergeordneter Bedeutung: von den objectiv
132 1940 1297 1979 in der Schallwelle existirenden Untertönen gilt dasselbe, was im Texte
137 1974 1083 2020 von den subjectiven, erst im Ohre entstehenden gesagt wird.
223 2004 730 2053 *) Helmholtz a. a. O. S. 563.
