1407 2241
660 65 727 106 92
113 148 1273 195 klar zu machen, kann aber um so weniger gelingen, als es sich
110 193 1274 235 hier eben um Dinge handelt, die jeder Fixirung durch sprachlichen
118 236 583 282 Ausdruck geradezu spotten.
203 275 1264 323 Dass übrigens die zusammengesetzte also „getrübte” Klang¬
111 316 1268 363 bedeutung des Mollaccordes gegenüber der einfachen, „hellen” des
110 363 1273 403 Duraccordes nicht als ein Mangel, als eine Schwäche aufgefasst
118 407 1275 452 werden darf, ist wohl einleuchtend; es stehen hier zwei specifisch
121 451 1271 492 verschiedene, aber ästhetisch gleichberechtigte Factoren einander
115 491 980 540 gegenüber, nicht ein Schlechteres einem Besseren.
148 602 1236 650 § 18. Der musikalische Klang als Vorbild des Accordes.
196 674 1276 716 Die Art und Weise der Zusammensetzung der musikalischen
118 715 1269 754 Klänge aus aliquoten Partialtönen bedingt unseren Sinn für Con¬
119 755 1273 802 sonanz und Verwandtschaft überhaupt. Sie giebt aber auch die
121 802 1271 843 Norm für die Anordnung mehrgliedriger Zusammenklänge, gewisser¬
112 842 1278 891 massen den Werthmesser der verschiedenen Umkehrungen und
114 883 1277 925 Lagen der Accorde ab. Der harmonische Werth des
118 924 1272 971 Accordes steigt, je ähnlicher derselbe der Natur¬
117 969 1273 1019 harmonie des einzelnen musikalischen Klanges wird.
201 1013 1271 1059 Zunächst sind wir daran gewöhnt, den Hauptton, welcher die
114 1052 1274 1107 ganze Tonmasse des musikalischen Klanges dominirt und ihr auch
120 1090 1272 1140 seinen Namen giebt, in der Tiefe, als Grundton zu finden.
119 1139 1266 1180 Deshalb suchen wir auch den harmonischen Schwer¬
118 1180 1271 1225 punct jeder künstlichen Klangmasse, d. h. jedes
118 1220 1278 1267 Accordes unwillkührlich in der Tiefe. Vollkommene,
114 1259 1271 1299 abschliessende Beruhigung gewährt ein Accord nur dann, wenn sein
120 1298 1277 1347 harmonischer Hauptton (der Ton nämlich, dessen Klang der Accord
122 1348 1269 1387 vertreten soll) in der That den „Grund” bildet, also im Basse
120 1387 1271 1428 steht — somit nur der Dreiklang im engeren Sinne des Wortes.
116 1426 1282 1466 Beim Quartsextaccord und beim Sextaccord dagegen besteht
119 1475 1276 1515 ein Widerstreit zwischen der Klangbedeutung der ganzen Tonmasse
117 1514 1271 1556 und den Ansprüchen des tiefsten Tones, ein Schwanken zwischen
120 1550 1274 1602 Tonica und Quinte, beziehungsweise Terz. Der Schwerpunct liegt
117 1602 1281 1643 nicht mehr in der Tiefe, sondern in der Mitte oder gar in der
119 1636 1272 1676 Höhe, das harmonische Gleichgewicht des Klanges ist so zu sagen
118 1675 1280 1724 ein „labiles” geworden. Ein solcher Accord hat etwas Fragendes
116 1730 1277 1771 an sich, was den Tonkünstler allerdings ebensowenig zu hindern
115 1758 1275 1812 braucht, ihn unter Umständen sogar zur Schlusscadenz zu benützen *),
117 1810 1271 1855 als der Dichter sich scheut, sein Werk mit einem Fragezeichen
117 1850 1277 1891 statt eines Schlusspunctes zu schliessen. Es kommt eben nur
117 1890 1275 1931 darauf an, dass die Antwort auf eine solche rhetorische Frage
195 1989 1279 2034 *) Vgl. W. Tappert, Musikalische Studien. Berlin 1868. S. 203 ff.
