1407 2241
654 68 718 107 20
102 144 1270 195 übertragen wird, und sie werden auch von solchen hinreichend
105 195 1267 242 starken Lufterschütterungen merklich bewegt, welche nicht ganz
110 235 1267 275 die gleiche Schwingungsdauer haben, wie der eigene Ton dieser
105 275 1263 323 Körper; daher sind die Grenzen der Tonhöhe ein wenig breiter,
105 316 1270 364 durch deren Anstimmen man das Mitschwingen hervorrufen kann . . . .
108 363 1263 404 Massige und schwer bewegliche elastische Körper dagegen, welche
112 404 1264 444 ihre Schallbewegung nur langsam an die Luft abgeben, wie Glocken
114 449 1270 492 und Platten, und lange Zeit nachtönen, sind auch schwer von der
108 484 1260 532 Luft aus in Bewegung zu setzen. Es gehört eine viel längere
113 531 1268 579 Addition der Wirkungen dazu, und deshalb ist es auch nothwendig,
111 571 1265 612 die Tonhöhe ihres eigenen Tons viel strenger einzuhalten, wenn
101 619 1256 660 man sie in Mitschwingung setzen will.” *) Zu der ersteren Kate¬
111 651 1266 703 gorie von Körpern gehören jedenfalls die mitschwingenden Theilchen
111 699 1265 739 im Ohre. Wenn dies die Fasern der Membrana basilaris sind, so
110 747 1268 787 muss man sagen: durch einen einfachen Ton wird nicht nur eine
108 790 1268 828 einzige Faser, die nämlich, welche genau auf diesen Ton abgestimmt
104 827 1254 868 ist, in Schwingungen versetzt, sondern zugleich auch die Nachbar¬
112 867 1259 911 fasern nach beiden Richtungen hin, natürlich mit abnehmender
103 907 1265 962 Intensität. Denn die schwingende Bewegung einer nur der Breite,
109 955 1263 995 nicht der Länge nach gespannten Membran (und für eine solche
111 995 1263 1043 wird die Membrana basilaris angesehen) ist nach Helmholtz **)
110 1050 1260 1091 „dieselbe, als wenn sie aus einer Reihe nebeneinander liegender
107 1075 654 1123 unverbundener Saiten bestände.”
191 1123 1264 1163 Einerseits auf Grund der wechselseitigen Beziehung zwischen
106 1168 1264 1211 dem Ausklingen eines tönenden Körpers und seiner Fähigkeit, auch
110 1203 1260 1244 bei solchen Tönen mitzuschwingen, die nicht genau seinem Eigen¬
108 1243 1263 1291 tone entsprechen, andererseits aus der Undeutlichkeit des Trillers
109 1284 1266 1331 in den tieferen Bassregionen hat Helmholtz geschlossen, dass
107 1325 1258 1372 bei einem Höhenunterschiede von einem Halbtone das Mitschwingen
107 1371 1269 1412 der Faser nur etwa $$MATH jener Intensität besitzt, die es bei ganz
108 1412 1265 1459 genauer Uebereinstimmung der Tonhöhe hätte, aber immerhin noch
107 1451 448 1493 merklich bleibt. ***)
198 1492 1266 1538 Das Gesetz, nach welchem die Intensität des Mitschwingens
102 1533 1263 1579 abnimmt, wenn die Differenz der Tonhöhen des erregenden und
110 1580 1271 1619 des erregten Körpers wächst, hat Helmholtz für diesen Fall
219 1691 772 1733 *) Helmholtz a. a. O. S. 66, 67.
211 1723 526 1767 **) A. a. O. S. 616.
194 1756 1265 1803 ***) Dies bestätigen auch gewisse pathologische Erscheinungen. Bei
107 1795 1263 1835 krankhaft gesteigerter Erregbarkeit der Hörnervenfasern ist der Bezirk der
109 1828 1267 1868 mitschwingenden Theilchen, welche in Folge eines einzigen objectiven
119 1860 1265 1900 Tones Gehörempfindungen auslösen, offenbar in ungewohnter Weise er¬
108 1891 1266 1933 weitert. Die Kranken sagen dann etwa, sie hörten „statt eines einzelnen
117 1930 1269 1971 Tones den Zusammenklang zweier benachbarter”, also den einer kleinen
106 1947 1268 2001 Secunde, was namentlich für einen Musiker allerdings höchst peinlich
110 1996 272 2035 sein muss.
