1407 2241
661 59 717 106 70
110 147 1273 194 eine fixirte Empfindung, der erste dauert nur im Gedächtnisse als
115 195 1271 235 nachgiebiges, weil nicht mehr fixirtes Empfindungsbild fort. Nun
111 235 1271 275 kann das Gemeinschaftliche ganz wohl verschmelzen, da es an
115 276 1267 321 keiner Fixirung widerstrebender Empfindungselemente ein unbesieg¬
113 315 1272 361 bares Hinderniss findet. In der Melodie kommt somit die
114 356 1266 403 Nachbarschaft der Töne zu voller Geltung,*) und zwar
110 403 1272 443 mit um so günstigerem Erfolge, je kleiner der Schritt ist. Es
116 444 1269 483 lassen sich die sämmtlichen Intervalle in eine ihrer Weite ent¬
111 491 1266 532 sprechende Reihe ordnen, von der allerdings nur die beiden Se¬
114 531 1263 571 cunden Anspruch auf selbstständige melodische Bedeutung haben
108 571 1270 619 werden; die übrigen erhalten einen ästhetischen Werth nur durch
113 611 1265 667 die harmonische Verwandtschaft und sind, abgesehen von dieser,
117 660 1267 699 um so herber, je grösser sie werden. — Die das musikalische
114 700 991 739 Gehör befriedigenden Tonfolgen werden also sein:
113 931 1272 979 Die rein melodischen, stufenweisen Schritte (a) kann man mit den
115 980 1263 1019 harmonischen (b) offenbar nicht in Eine Reihe zusammenstellen.
109 1019 1272 1067 Es sind dies eben zwei ganz selbstständige, specifisch
119 1067 1264 1107 verschiedene Principe, die hier zur Geltung kommen. Eines
107 1105 1263 1148 kann das andere nicht ersetzen oder vertreten, eines lässt sich auf
115 1147 1269 1193 das andere nicht zurückführen, obgleich beide einander ergänzen,
117 1185 1263 1228 indem jedes nach seiner Weise dem gemeinsamen Ziele nach¬
109 1227 1263 1275 strebt: der Herstellung eines stetigen, ununterbroche¬
115 1267 1269 1311 nen Zusammenhanges der Klänge. Wo die harmonische
114 1308 1258 1354 Verwandtschaft nicht zu Tage tritt, verlangt das Ohr eine stufen¬
114 1355 1270 1404 weise Fortschreitung in halben oder ganzen Tönen; Schritte, die
118 1395 1261 1435 weder durch Nachbarschaft, noch durch Verwandtschaft zu recht¬
110 1435 1259 1475 fertigen sind, wie z. B. die verminderte Quinte oder die über¬
113 1482 1266 1516 mässige Quarte, werden in der Melodie immer dieselbe Rolle
112 1523 1272 1564 spielen, wie die Dissonanzen in der Harmonie, d. h. sie müssen
246 1596 1264 1645 *) Analoge Erscheinungen bietet der Gesichtssinn. Die Einrichtung
110 1640 1259 1676 unseres Sehorgans gestattet nicht, dass an derselben Stelle des Auges zwei¬
114 1672 1261 1711 gliedrige Verhältnisse gleichzeitiger objectiver Farbenempfindungen ent¬
110 1706 1261 1739 stehen. Die „Harmonie” der Farben beruht bekanntlich auf Verhältnissen
112 1739 1265 1771 zwischen objectiven und subjectiven Empfindungen, welche letztere als
109 1772 1269 1811 complementär gefärbte Nachbilder auftreten, sobald das Auge von einem
114 1803 1274 1841 farbigen Felde auf ein anderes übergeht. Dann spielt die objectiv nicht
114 1837 1264 1874 fixirte, daher nachgiebige subjective Nachempfindung dieselbe Rolle, wie
113 1870 1272 1907 der gemerkte Ton bei der Wahrnehmung einer melodischen Folge; sie
118 1902 1258 1940 verschmilzt mit der neuen objectiven Farbenempfindung, wenn nicht der
120 1939 1270 1981 qualitative Abstand derselben zu gross ist. Das ästhetisch Wirksame ist
115 1977 1269 2012 also die Nachbarschaft der Farben, nicht der Contrast, der als solcher
114 2001 1264 2050 gar nicht in Betracht kommt. Als Beispiel für die unbedingte Nöthigung
108 2039 1263 2076 zur Verschmelzung bei gleichzeitiger Unmöglichkeit derselben lässt sich
106 2073 1146 2107 im Bereiche des Gesichtes der Widerstreit der Sehfelder anführen.
