1407 2241
656 67 717 107 8
101 149 1263 195 exacte Theorie der musikalischen Tonverhältnisse
101 201 1265 235 nur mit der reinen und durchaus nicht mit der tem¬
102 235 1058 284 perirten Stimmung zu schaffen haben kann.
517 323 849 386 § 2. Klangfarbe.
186 395 1273 443 Die Stärke des Tones ist abhängig von der Schwingungsweite
109 435 1259 483 oder der Wellenhöhe, die Höhe desselben von der Schwingungs¬
111 483 1259 524 dauer oder der Wellenlänge. Was bleibt nun übrig, um die zahl¬
109 522 1265 566 losen Verschiedenheiten der Klangfarbe zu erklären? Wohl
107 563 1267 611 nichts Anderes, als die Form der Welle; zu ihr müssen wir
110 607 407 653 uns nun wenden.
196 651 1260 691 Einem von dem französischen Mathematiker Fourier nach¬
114 691 1266 739 gewiesenen Satze zu Folge kann „jede beliebige regelmässig
102 732 1264 784 periodische Schwingungsform aus einer Summe von
107 778 1263 823 einfachen Schwingungen zusammengesetzt werden,
114 816 1273 859 deren Schwingungszahlen ein, zwei, drei, vier u. s. f.
115 859 1269 907 Mal so gross sind, als die Schwingungszahl der gege¬
106 907 1272 947 benen Bewegung.” Eine „einfache” Schwingung nennt man
110 948 1272 988 eine solche, deren Bewegung dem an einem schwingenden Pendel
105 987 1265 1036 beobachteten Gesetze entspricht; sie heisst daher auch „Pendel¬
111 1035 1263 1084 schwingung” Der Physiker G. S. Ohm hat nun auch die Regeln
111 1079 1258 1124 erforscht, nach denen unser Ohr die zusammengesetzten Klänge zer¬
109 1115 1268 1161 legt: Nur eine einfache, pendelartige Luftschwingung
112 1156 1264 1203 bringt im Ohre die Empfindung eines einzigen und
112 1203 1262 1246 einfachen Tones hervor. „Jede Luftbewegung nun,
106 1243 1255 1283 welche einer zusammengesetzten Klangmasse ent¬
107 1276 1261 1326 spricht, ist zu zerlegen in eine Summe einfacher,
105 1323 1264 1371 pendelartiger Schwingungen und einer jeden solchen
112 1364 1275 1403 einfachen Schwingung entspricht ein Ton, den das
110 1402 1273 1443 Ohr empfindet, und dessen Tonhöhe durch die
114 1444 1273 1490 Schwingungsdauer der entsprechenden Luftbewegung
106 1483 443 1533 bestimmt ist.” *)
195 1529 1269 1571 Die Bedeutung dieser Sätze für die Akustik liegt zu Tage.
103 1572 1273 1617 Nur auf diese Weise können wir uns eine befriedigende Erklärung
108 1611 1268 1652 der Thatsache verschaffen, dass nicht nur die Gestalt der Luft¬
108 1651 1259 1699 wellen (die sich durch verschiedene „phonautographische” Vorrich¬
112 1694 1262 1740 tungen unmittelbar aufzeichnen, also mit vollster Sicherheit fest¬
110 1740 1273 1779 stellen lässt) einen Einfluss auf unser Empfinden übt, sondern auch
108 1780 1270 1827 unser Ohr im Stande ist, aus einer einzigen Luftbewegung eine
115 1819 1267 1869 ganze Reihe gleichzeitiger Gehörempfindungen einzeln herauszu¬
108 1867 1267 1908 finden. Um ein Beispiel brauchen wir nicht weit zu gehen. Ueber
108 1907 1278 1947 das Strassenpflaster rollt eine leichte Equipage, poltert ein mit
190 2002 861 2044 *) Vgl. Helmholtz a. a. O. S. 54, 55 ff.
