1407 2241
693 67 760 108 81
146 159 1303 204 natürlichsten, fliessendsten den übrigen vorgezogen.
149 196 1307 235 Es herrscht auch im Mikrokosmos des Kunstwerkes die weise „lex
142 236 1303 290 parsimoniae”; das Ziel, die Consonanz soll durch den geringsten
153 284 1305 323 Aufwand an Mitteln erreicht werden. Dass der Künstler in ge¬
146 330 1304 372 wissen Fällen allerdings gute Gründe haben kann, von diesem
147 362 1294 411 Grundsatze abzusehen und eine ferner liegende Auflösung vor¬
142 417 1307 460 zuziehen, hebt jene Regel durchaus nicht auf, sondern bestätigt sie
141 453 1303 492 durch die unläugbare Ausnahmsstellung solcher Fälle, mögen sie
143 491 793 534 immerhin noch so zahlreich auftreten.
228 536 1298 588 Jeder von den dissonirenden Tönen strebt somit demjenigen
149 579 1308 619 Bestandtheile des auflösenden Klanges zu, welcher ihm zunächst
151 619 1310 667 liegt. Daher fällt die kleine Septime bei der normalen Auflösung
145 659 1300 707 und wird zur Sexte (bez. zur Terz des auflösenden Klanges). Die
142 701 1300 756 übermässige Quarte c′—fis{′ löst sich am besten nach h{—g′ auf,
148 762 1306 795 weil dann beide Töne nur Halbtonschritte auszuführen haben. Die
145 795 1297 843 Auflösungen c′—fis{′ . . . . d′—g′ oder c′—fis{′ . . . . h{—e{′ oder
152 845 1300 891 ihre Umkehrungen, an und für sich gewiss ebenso harmonisch be¬
143 895 1301 932 rechtigt, wie die frühere, werden im zweistimmigen Satze auch noch
150 931 1301 979 darum gemieden, weil sie zu leeren Quinten und Quarten führen,
146 971 1297 1020 die man in Folge der Angewöhnung an den mehrstimmigen Satz
151 1012 1305 1059 nur bei der innigsten, zu den nächsten Verwandten führenden
148 1058 1304 1099 Klangfolge liebt („Hornsatz”). Schon bei drei Stimmen sind Auf¬
146 1100 1296 1155 lösungen, wie: a{—c′—fis{′ . . . . h—d′—g′ oder a{—c′—fis{′ . . . .
144 1147 556 1203 g—h{—e′ u. s. tadellos.
233 1189 1307 1235 Wenn einer der beiden dissonirenden Töne selbst schon ein
137 1235 1299 1276 Bestandtheil des auflösendes Klanges ist, wie z. B. das c′ in der
138 1276 1302 1324 Septimendissonanz c′—b′ die Quinte des F-Klanges, so kann die
146 1315 1290 1371 Auflösung entweder in Form eines scheinbaren Vorhaltes nach c′—a{′
146 1363 1301 1410 oder aber dadurch erfolgen, dass das c′, statt liegen zu bleiben,
142 1409 1291 1452 sich innerhalb des F-Klanges, etwa in einem Quart- oder Quint¬
143 1445 1306 1484 schritt bewegt, also nach f′—a{′ oder f—a′. In beiden Fällen ist
148 1483 1296 1531 die Verbindung zwischen Dissonanz und Consonanz eine innige,
142 1523 1299 1571 organische. Viel lockerer wird schon der Zusammenhang, wenn die
147 1564 1304 1612 Auflösung durch harmonische Tonschritte geschieht, welche nicht
146 1611 1293 1660 den auflösenden Klang repräsentiren, wie z. B. c′—fis{′ . . . . g—h{′,
147 1666 1306 1699 wo sich die Oberstimme von fis{′ zu h′ innerhalb eines bei der
138 1708 1302 1752 ganzen Auflösung nicht betheiligten Klanges, H{, bewegt. Die
147 1748 1303 1789 Fortschreitung der Unterstimme: c′ . . . g geschieht mindestens
147 1787 1305 1835 innerhalb des C-Klanges, der schon im dissonanten Intervall ent¬
143 1836 1306 1875 halten war, und ist darum etwas weniger herb. Es braucht übrigens
148 1882 1305 1915 wohl nicht erst betont zu werden, dass dieser Einfluss der durch
147 1915 1302 1963 die harmonischen Tonschritte vertretenen Klänge sich im mehr¬
141 1963 1308 2003 stimmigen Satze in eben dem Masse verringert, als die einzelnen
143 2003 1298 2043 Stimmen an Selbstständigkeit einbüssen. Geschlossene, compacte
