1407 2241
663 59 723 107 88
114 147 1276 188 Ausdruck „phonischer Klang“ einen von v. Oettingen etwas
110 192 550 235 abweichenden Sinn unter.
197 228 1269 275 Bereits früher wurde darauf hingewiesen, dass die tonische
108 275 1277 315 Deutung der Intervalle ein so entschiedenes Uebergewicht über die
117 316 1271 362 phonische hat, dass jene als die natürliche, diese als eine
110 355 1267 403 künstliche erscheint.*) Während die Intervalle des Durdrei¬
116 396 1268 443 klanges 6—6—9 (6—9, c—e und e—9) sämmtlich dem tonischen
117 442 1268 484 C-Klange angehören, ihn also vertreten, so setzt sich der Molldrei¬
111 484 1271 531 klang c—es—y aus drei Intervallen zusammen, deren jedes einem
113 531 564 580 anderen Klange angehört:
521 571 872 627 c—g dem C-Klange
515 620 902 676 es—g dem Es-Klange
517 667 907 724 c— es dem As-Klange.
193 740 1272 771 Alle diese drei Klänge sind untereinander unmittelbar verwandt:
114 771 1272 819 Trotzdem aber die vollkommene Consonanz des aus drei
120 811 1275 859 consonanten Zweiklängen bestehenden Mollaccordes durch nichts
115 858 1276 900 in Frage gestellt wird **), giebt es hier doch keine einheitliche
119 900 1281 939 Deutung des Klanges — wenn wir von der etwas fernliegenden
119 940 1275 988 Auffassung dieses Gebildes als 10., 12. und 15. Partialton eines
114 987 1281 1035 sehr tiefen As-Klanges absehen***). Von den drei Theilklängen
119 1035 1273 1076 des Molldreiklanges wird natürlich der durch die Quinte repräsen¬
120 1076 1281 1124 tirte — in unserem Falle der C-Klang — das grösste Gewicht
121 1116 1277 1164 haben, bei der Deutung des Dreiklanges also zuvörderst entscheiden.
118 1164 1283 1203 An zweiter Stelle steht sodann der Klang, den die grosse Terz
122 1212 1279 1252 vertritt, hier der Es-Klang, und an letzter erst der durch die
117 1258 1271 1299 kleine Terz vertretene As-Klang. A potiori wird daher
115 1300 1282 1340 auch der Molldreiklang C—68—9 zunächst als ein
123 1340 1276 1380 tonischer C-Klang, also, er gedeutet. Der Grundton c
120 1379 1277 1436 behält seine Präponderanz auch hier, ohne sie an einen anderen,
120 1418 1277 1468 am allerwenigsten aber an die Quinteg als Phonica abzutreten.
118 1467 1280 1507 Bei consequenter Durchführung des v. Oettingen'schen Principes
121 1507 1280 1555 käme es beim Schlussaccord in C-Moll nur auf die Oberstimme an,
119 1548 1277 1596 in der die Phonicag stehen müsste, während es gleichgiltig
129 1589 1279 1636 wäre, ob c im Basse liegt oder nicht. Man vergleiche aber die
208 1684 1284 1730 *) Vgl. Adolf Thürlings: „Die beiden Tongeschlechter und die
115 1723 971 1763 neuere musikalische Theorie.“ Berlin 1877, S. 12, 27.
190 1753 1282 1795 **) Unbeschadet der vollkommen gleichen Consonanz des Dur- und
120 1788 1278 1828 des Molldreiklanges ist bei letzterem mitunter der rein sinnliche Eindruck
125 1826 1281 1866 etwas rauher, als bei ersterem, namentlich in Folge der harmoniefremden
130 1858 1040 1899 Combinationstöne. Vgl. Helmholtz a. a. O. S. 337, 345.
185 1890 1285 1938 ***) Die Deutung des Klanges würde nämlich blos auf der Geltung
116 1922 1277 1963 solcher Klangbestandtheile beruhen, denen wir oben (S. 65) keinen ent¬
113 1963 1280 1996 scheidenden Einfluss auf die Consonanz und die Verwandtschaft einräumen
118 1994 247 2034 konnten
