1407 2241
527 660 934 732 VORWORT.
231 860 1306 927 Die vorliegende Schrift versucht es, den namentlich durch
142 923 1303 971 H. Helmholtz und A. v. Oettingen zur Geltung gebrachten
146 971 1300 1011 Zusammenhang zwischen der neueren akustischen Forschung und
147 1011 1304 1051 den altbewährten musikalischen Kunstregeln in der Weise auszu¬
142 1051 1304 1096 beuten, dass dadurch eine psychologisch-ästhetische Grundlage für die
145 1092 1304 1140 Harmonielehre geschaffen würde. Im Verlaufe meiner Studien habe
148 1139 1302 1180 ich nämlich die Ueberzeugung gewonnen, dass das psychologisch-
142 1178 1296 1220 ästhetische Moment in der Behandlung der harmonischen Grund¬
148 1219 1308 1266 probleme bisher noch nicht so betont worden ist, als es in der
147 1260 1307 1307 That verdiente, zumal der hoch entwickelten physikalisch-physio¬
147 1307 1295 1355 logischen Theorie Helmholtz's gegenüber. Der „dualistische”
147 1347 1304 1387 Standpunct v. Oettingen's musste zwar aufgegeben werden, die
142 1394 1303 1436 mehr psychologische Richtung dieses Forschers konnte jedoch im
151 1427 1307 1470 Ganzen und Grossen beibehalten werden. Kritische Bemerkungen
140 1468 1304 1516 über die Theorien Helmholtz's und v. Oettingen's enthalten
143 1508 1303 1563 hauptsächlich die §§ 9 und 10, den Versuch einer Weiterbildung
147 1555 1305 1596 der durch diese Kritik gewonnenen Resultate findet der Leser im
142 1596 1296 1636 darauffolgenden Paragraphen. Als ein nothwendiges Ergebniss der
145 1635 1306 1676 daselbst entwickelten Ansichten über das Wesen der Consonanz
139 1676 1306 1718 und der Tonverwandtschaft erschienen mir gewisse mehr oder
140 1715 1304 1763 weniger durchgreifende Aenderungen in der hergebrachten Lehre
145 1762 1299 1804 von der Dissonanz und ihrer Auflösung, sowie von der Accord¬
145 1803 711 1846 verwandtschaft und Accordfolge.
228 1842 1304 1891 Vor der Vollendung des Manuscriptes dieser Studie kannte ich
146 1885 1300 1940 von H. Riemann's Arbeiten blos die „Musikalische Logik”.
140 1931 1304 1972 Die Bekanntschaft mit den späteren Schriften Riemann's, vor
146 1972 1305 2012 Allem mit seiner „Musikalischen Syntaxis” hat meine bisherigen
