1407 2241
659 58 719 108 64
112 148 1264 188 dabei mitwirkten: die Beschaffenheit der üblichen Tonwerkzeuge
106 195 991 236 und die im Musiksysteme gebräuchliche Stimmung.
194 220 1265 276 Bezüglich der gegenwärtig geltenden Scheidelinie zwischen
108 275 1265 315 Consonanz und Dissonanz lässt sich nachweisen, dass sie nicht nur
113 315 1262 364 wohlberechtigt ist, sondern voraussichtlich auch nicht mehr so leicht
106 356 1257 402 wird verrückt, vorgeschoben werden können. Ein Blick auf die
107 396 1264 443 Reihe der Partialtöne zeigt, dass es zunächst die Septime, als das
108 443 1258 483 Intervall zwischen dem 4. und dem 7. Partialtone wäre, die einen
111 483 1260 526 Anspruch darauf zu erheben hätte, unter die Consonanzen auf¬
112 522 1263 579 genommen zu werden. Helmholtz macht wiederholt darauf auf¬
109 563 1267 612 merksam, dass die natürliche Septime in der Regel die kleine
108 610 1262 651 Sexte an Wohlklang übertrifft. Dass sie dennoch für dissonant
107 659 1256 699 gilt, rührt schon daher, dass sie, verbunden mit anderen conso¬
111 693 1257 739 nanten Intervallen, lauter schlechtere Verhältnisse giebt, als sie
109 734 1261 778 selbst ist, wie ja auch ihre Umkehrung eine entschiedene, mit Schwe¬
108 780 1255 819 bungen behaftete Dissonanz wird: die Secunde. Aber von Ent¬
110 820 1264 869 scheidung für diese Grenze der Consonanz, sagt Helmholtz,*)
111 860 1267 908 „ist übrigens, wie ich glaube, erst die Construction der Tonleiter.
109 903 1258 946 Die Tonleiter der modernen Musik kann die durch die Zahl 7 be¬
114 949 1265 987 stimmten Töne nicht in sich aufnehmen**) ... Hier bleibt also eine
209 1026 509 1069 *) A. a. O. S. 356.
194 1060 1260 1100 **) Es handelt sich also nicht darum, ob das Intervall der nat. Sep¬
107 1098 1260 1137 time in der praktischen Musik thatsächlich vorkommt oder nicht — denn
114 1131 1254 1169 wir wissen, dass überhaupt mit Ausnahme der Octave keines der natür¬
109 1164 1258 1205 lichen Intervalle in der nun allgemein angewandten temperirten Stimmung
112 1196 1264 1235 rein auftritt — sondern nur darum, dass es in unserem rationellen
120 1228 1264 1267 Tonsysteme fehlt, welches bekanntlich aus um Terzenschritte von ein¬
108 1266 1259 1306 ander abstehenden Quintenzirkeln besteht, also nur reine Quinten, grosse
110 1296 1258 1337 und kleine Terzen und ihre Umkehrungen, reine Quarten und grosse und
112 1325 1260 1363 kleine Sexten, als unmittelbar verwandte Tonstufen aufweist, neben ihnen
107 1365 1264 1403 dann allerdings eine unabsehbare Reihe mittelbar bestimmter dissonanter
108 1395 1261 1435 Intervalle — aber nie eine natürliche Septime, oder das den Terzen bei¬
105 1427 1261 1468 zuzählende Intervall, das vom sechsten und siebenten Partialton gebildet
113 1462 1264 1504 wird u. s. w. Mit anderen Worten: Unser gegenwärtiges Musiksystem ist
117 1497 1261 1531 bei der Quint- und Terzverwandtschaft stehen geblieben und kann nicht
111 1524 1265 1563 weiter, zur Anerkennung der Septimverwandtschaft, fortschreiten, so lange
110 1563 1263 1602 es nicht aufhört, seine Tonreihen aus den Bestandtheilen consonanter Drei¬
108 1596 1254 1635 klänge zusammenzusetzen, die untereinander abermals quint- oder terz¬
115 1636 1259 1668 verwandt sind. Dies ist aber ein wesentlicher Zug der abendländischen
107 1659 1263 1699 Musik. Die einfachste Tonreihe, die diatonische Leiter, ist aus den Be¬
106 1697 1268 1732 standtheilen dreier nächstverwandter Dreiklänge gebildet und enthält
111 1729 1260 1770 sämmtliche für consonant geltende Intervalle. Die natürliche Septime
107 1764 1261 1802 könnte sich nur auf Unkosten eines dieser Dreiklänge in der diatonischen
110 1797 1265 1836 Scala geltend machen. Uebrigens scheint unser Ohr dort, wo die kleine
105 1830 1263 1867 Septime ganz frei, ohne allen harmonischen Zusammenhang mit voran¬
112 1859 1258 1906 gehenden Klängen, eintritt, geneigt zu sein, sie als eine natürliche Septime
107 1902 1259 1939 aufzufassen; damit hängt wohl auch der besondere Wohllaut des isolirt
109 1934 1247 1975 angeschlagenen Septimenaccordes zusammen. Riemann („Mus. Syntaxis
107 1967 1266 2004 S. 34, 111) giebt jedoch dieser Deutung des Dominantseptimenaccordes
104 1996 529 2041 eine zu weite Ausdehnung.
