1407 2241
686 65 767 117 127
136 140 1302 205 nach v. Oettingen auch hier als Dissonanz auftreten, und doch
138 199 1295 246 hören wir einen vollkommen consonanten ###-Klang als Sextaccord,
139 241 1298 285 und durchaus nicht eine dissonante Zweiheit von Klängen: e“+ ge.
133 282 1304 325 Es werden eben von unserem Gehöre die tonischen
142 325 1299 376 Dreiklänge nicht in phonische Theilklänge zerlegt,
133 369 1299 413 wohl aber umgekehrt die phonischen Dreiklänge in
131 407 702 453 ihre tonischen Intervalle.
222 448 1295 499 Was bereits gelegentlich der zweistimmigen Dissonanz über
133 492 1300 540 die Trugauflösung und die Trugfortschreitung bemerkt
141 538 1293 581 wurde, gilt natürlich auch mit Bezug auf mehrstimmige Accorde.
138 579 1297 623 Beispiele von Trugauflösungen, d. h. von solchen Auflösungen, die
137 624 1299 669 nicht den zunächstliegenden Klang, sondern einen anderen, zwar
140 660 1299 710 consonanten aber doch entfernteren bringen und deshalb wohl im
142 705 1299 748 Verlaufe eines Tonstückes, nicht aber in einer abschliessenden
140 746 1295 794 Cadenz angewandt werden, haben wir im Vorstehenden bereits
131 786 1297 833 kennen gelernt. So sind z. B. alle anderen Auflösungen des
130 832 1299 875 Dominantseptimenaccordes, als jene in die Tonica, Trugauf¬
138 875 293 925 lösungen.
216 910 1294 966 Die Trugfortschreitung („vermiedene Cadenz“ der älteren
135 954 1297 1004 Theorie) ist wesentlich eine Folge dissonanter Accorde und
135 1003 1299 1045 tritt in den mannigfaltigsten Formen zu Tage. Im allgemeinen
137 1043 1294 1092 gelten dieselben Regeln der Klangfolge, welche wir auch bei der
139 1085 1298 1133 normalen Auflösung dissonanter Accorde angewandt haben; nur
138 1122 1292 1174 herrscht bei der Trugfortschreitung eine viel grössere Freiheit,
130 1168 1291 1221 namentlich wenn die Stimmführung eine melodische (chromatische)
138 1209 1294 1252 ist. Chromatische Folgen von parallelen Septimen¬
130 1253 1294 1301 accorden sind erträglicher als ebensolche Folgen von Dreiklängen.
134 1296 1294 1340 Zwischen je zwei Septimenaccorden, deren Grundtöne um eine
127 1338 1303 1382 Halbtonstufe von einander abstehen, besteht ausser dem melodischen
138 1377 654 1422 auch ein harmonisches Band:
134 1530 1298 1576 0“ ist Nachbar von as“ und von ges“, ebenso 14. Nachbar von
127 1568 885 1630 gest, aber 1 und as“ sind terzverwandt.
217 1619 1300 1660 Dasselbe gilt von chromatischen Folgen übermässiger
127 1657 410 1708 Dreiklänge:
122 1948 1234 1999 Die verwandtschaftlichen Beziehungen — hier Quintenschritte
125 1994 993 2046 sind durch Verbindungslinien kenntlich gemacht.
