1407 2241
665 59 724 108 66
117 145 1273 188 Sexte 9—e“ nur durch Vermittelung des zwischenliegenden c’ ge¬
113 187 1269 235 schehen kann. Alle consonanten Intervalle werden un¬
117 235 1278 275 mittelbar aufgefasst und beurtheilt; diese Unmittelbarkeit
115 274 1269 315 ist sogar ein wesentliches Stück ihres consonanten und verwandt¬
115 315 568 364 schaftlichen Charakters.*)
202 355 1273 403 Die Resultate unserer ganzen Untersuchung werden sich nun
118 397 1271 450 in folgende Sätze kurz zusammenfassen lassen: Zwei Töne,**)
122 442 1271 484 welche wesentliche Bestandtheile desselben musi¬
122 482 1278 531 kalischen Klanges sind, nennen wir unmittelbar ver¬
116 527 1269 571 wandt. Der Zusammenklang zweier unmittelbar ver¬
123 569 1278 612 wandter Töne ist eine Consonanz. Verwandtschaft und
117 611 1274 658 Consonanz nehmen stetig ab, je weiter die das be¬
121 658 1281 698 treffende Intervall bildenden Partialtöne vom
118 698 1283 740 Grundtone des Klanges entfernt sind. Mittelbar
118 739 1274 785 verwandt sind zwei Töne, wenn sie zwar nicht unter¬
111 778 1271 824 einander, wohl aber beide mit einem dritten ent¬
117 826 1273 867 weder unmittelbar oder mittelbar verwandt sind; im
117 867 1280 907 ersteren Falle liegt eine mittelbare Verwandtschaft ersten
124 906 1278 956 Grades vor, im letzteren kann sie zweiten, dritten u. s. f.
116 947 1277 996 Grades sein. So sind z. B. c und g unmittelbar, c und d (durch
119 987 1273 1043 g) mittelbar im ersten, c und a (durch g und d) mittelbar im
122 1040 1281 1077 zweiten Grade (c und a dagegen wieder unmittelbar) verwandt. Da
123 1074 1269 1123 es nun in der Natur der Sache liegt, dass ein künstlerisches Ton¬
117 1127 1279 1163 system auf Grundlage der unmittelbaren harmonischen Verwandt¬
117 1170 1284 1211 schaft sich entwickelt, so ist leicht einzusehen, dass alle in
118 1202 1283 1243 einem geordneten Tonsysteme gebräuchlichen Töne
118 1244 1270 1284 entweder direct oder indirect mit einander ver¬
120 1284 1272 1332 wandt sein müssen. Da nun die Octave in Folge ihres
205 1363 1284 1400 *) Otto Tiersch stellt z. B. in seinem „Elementarbuch der
119 1395 1282 1442 musikalischen Harmonie- und Modulationslehre“ (Berlin, 1874, S. 9)
123 1433 1279 1468 den Grundsatz auf: „Alle in gebräuchlichen Tonsystemen vorkom¬
121 1466 1281 1508 menden Intervalle lassen sich aus drei feststehenden Intervallen: (der
120 1500 1273 1540 reinen) Octav, (der reinen) Quint und (der grossen) Terz ableiten. Diese
126 1531 1281 1573 Intervalle kann man daher die drei Grundintervalle nennen.“ Mit dieser
118 1566 1274 1602 theoretischen Ableitung oder Bestimmung der Intervalle nach den arith¬
123 1601 1276 1643 metischen Verhältnissen ihrer Schwingungszahlen haben die wirklichen
119 1632 1278 1676 Functionen unseres Gehörs wohl nichts zu schaffen. Es ist schlechter¬
115 1670 1279 1705 dings nicht einzusehen, warum wir die kleine Terz c—es nicht ebenso un¬
117 1699 1277 1746 mittelbar von c aus bestimmen sollten, wie die grosse Terz c—e, und
125 1740 1278 1780 warum uns jenen Schritt erst die Quinte eng und dann die absteigende
128 1768 1270 1809 Terz g—es vermitteln müsste, wie es Tiersch in der That annimmt, in¬
124 1803 1275 1843 dem er die „einfache Hypothese“ hinstellt: „Der menschliche Geist gelangt
123 1840 1279 1876 nur durch Benutzung der drei Intervalle Octave, Quinte und (grosse) Terz
121 1871 1284 1908 zur Erkenntniss alles Dessen, was sich in der Musik auf den Unterschied
125 1902 519 1939 in der Tonhöhe gründet.
209 1938 1280 1969 **) Man bemerke wohl, dass sich unsere Ansicht von der harmo¬
121 1972 1281 2020 nischen Verwandtschaft nicht auf zusammengesetzte Klänge beschränkt,
117 2002 998 2045 sondern in gleicher Weise auch für einfache Töne gilt.
