1407 2241
679 65 740 116 53
123 157 1286 196 namentlich durch Einflüsse dynamischer Art. Es muss also
134 196 1294 243 die Harmonik auch noch auf so manches andere Element Rücksicht
130 236 1037 284 nehmen, als auf die blossen Tonhöhenunterschiede.
215 283 1283 324 Allerdings ist es wahr, dass jedes Intervall durch den Hin¬
129 323 1289 364 zutritt eines dritten Tones entweder zu einem Dur- oder zu einem
133 364 1293 412 Moll-Accord ergänzt werden kann. Allein dies berechtigt uns noch
133 419 1293 452 nicht, das Intervall deshalb für utraquistisch anzunehmen. Das
133 451 1295 490 Intervall wird eben mit anderen Intervallen verbunden und von
129 491 1286 535 diesen letzteren hängt es ab, ob das neue Gebilde ein harter
136 530 1287 580 oder ein weicher Dreiklang wird. Die Möglichkeit einer verschie¬
134 579 1287 619 denen Verknüpfung mit anderen Intervallen ist nur eine äusserliche
134 619 1287 660 Bestimmung, die nicht das innere Wesen des Zusammenklangs
139 659 1289 706 betrifft. Es kann ja auch der einzelne Ton, z. B. c durch das
131 699 1294 747 Hinzufügen anderer Stufen zu verschiedenen Klängen ergänzt
131 745 1292 794 werden: durch e oder g zum c-Klang, durch f oder g zum F-Klang,
137 787 1290 827 durch es oder as zum as-Klang. Man wird aber das einzelne c
139 827 1288 875 doch nicht unbestimmt oder mehrdeutig nennen, sondern immer
135 873 1293 915 nur als Repräsentanten des c-Klanges betrachten. Wohl wird man
129 916 1287 955 stets dann versucht sein, bei den einzelnen Tönen und den zwei¬
133 956 1290 996 stimmigen Intervallen sogleich auf die drei- und mehrstimmigen
134 996 1285 1043 Accorde zu reflectiren, die ersteren somit als unvollständige, ver¬
135 1042 1291 1083 stümmelte Accorde aufzufassen, wenn man v. Oettingen's An¬
134 1083 1290 1124 sicht**) theilt: „Der zweistimmige Satz kann nur auf Grund einer
136 1123 1290 1164 Theorie der mehrstimmigen Accorde behandelt und untersucht
139 1169 1292 1212 werden.“ Ob es sich für den praktischen Musikunterricht;
126 1210 1287 1259 also für die Methode, die Resultate der theoretischen Forschung
139 1252 1280 1291 dem Schüler beizubringen, geeigneter erweist, von den mehr¬
135 1292 1291 1332 stimmigen Accorden auszugehen, als mit dem zweistimmigen Satze
130 1332 1291 1379 zu beginnen, soll hier nicht weiter erörtert werden — doch muss
133 1377 1292 1419 ich gestehen, dass ich auch das sehr bezweifle. Bei wissen¬
130 1420 1289 1459 schaftlichen Untersuchungen aber ist jener Wegohne
139 1459 1283 1499 Frage der richtigere, der vom Einfachen zum Zu¬
137 1505 1291 1540 sammengesetzten führt, also in unserem Falle die
137 1539 1298 1580 zweistimmigen Intervalle früher behandelt, als die
135 1580 1299 1623 mehrstimmigen Accorde. Der Dreiklang c—6s—g besteht
136 1623 1299 1666 z. B. aus drei Intervallen: c—9, c—és und 68—9; diese muss ich
137 1667 1288 1708 zuerst einzeln, dann in ihrem gegenseitigen Verhältniss bereits
138 1707 1296 1747 untersucht haben, wenn ich mich zu der Erklärung des ganzen
224 1835 1292 1875 *) Die in der Regel stillschweigend vorausgesetzte, v. Herbart aber
141 1868 1287 1908 (in seinen „Psychologischen Bemerkungen zur Tonlehre“, S. W. Bd. VII.
134 1907 1293 1946 S. 11) ausdrücklich hervorgehobene Ansicht: „Ungleiche Stärke ändert
136 1940 1293 1979 nichts“ lässt sich durchaus nicht aufrecht erhalten. Der praktische Musiker
135 1973 882 2012 muss sich ganz entschieden dagegen verwahren.
217 2004 525 2052 **) A. a. O. S. 224.
