1407 2241
702 66 740 107 7
228 146 1304 196 In unserer Notenschrift werden bekanntlich keine derartigen
146 195 1307 236 Unterschiede zwischen natürlichen und pythagoräischen Intervallen
135 234 1301 291 gemacht, da ja auch die praktische Musik (nicht aber unser Gehör!)
141 285 1299 331 im Ganzen und Grossen das Komma ignorirt. Doch sind Sänger
147 323 1306 364 und solche Instrumentalisten, die nicht auf gewisse ein für allemal
148 365 1299 412 unveränderlich bestimmte Tonhöhen angewiesen sind, also namentlich
148 404 1295 450 die Geiger, im Stande, diese Unterschiede in der Intonation viel¬
142 451 1305 491 fach zur Geltung zu bringen und thun es unwillkührlicher Weise
148 491 1305 539 wohl häufiger, als man gemeinhin glauben mag. *) In England und
145 532 1302 580 Frankreich macht sogar die natürliche Stimmung grosse Fortschritte
142 579 1301 619 im Chorgesange, so dass es bereits auch an Vorschlägen für die
146 619 1293 660 Einführung des Komma in die übliche Notenschrift nicht mangelt. **)
145 659 1304 707 A. Ellis zeigt z. B. die Erhöhung eines Tones um ein Komma
139 698 1295 747 durch das Zeichen $$GRAPHIC, die Erniedrigung durch $$GRAPHIC an; die chro¬
139 747 1300 787 matischen Versetzungszeichen werden dadurch nicht berührt. Es
140 786 291 835 ist also:
139 1034 1307 1075 Für die Zwecke der Theorie genügt jedoch die Verzeichnung des
136 1074 937 1121 Komma in der Buchstabenschrift vollkommen.
221 1121 1303 1164 Auf einen weiteren Unterschied zwischen Tönen, die in der
128 1170 1292 1211 praktischen Musik gleichzuklingen pflegen, obwohl sie mit ver¬
136 1203 1292 1244 schiedenen Noten geschrieben werden, nämlich auf das enhar¬
139 1249 1304 1293 monische Intervall oder pythagoräische Komma c′—his
129 1283 1295 1381 oder des′—cis′, das $$MATH oder, mit kleineren Zahlen geschrieben:
133 1356 1299 1443 $$MATH beträgt, braucht hier wohl nicht erst näher eingegangen zu
140 1450 1300 1493 werden. Auch die Art und Weise, wie der kleine Fehler, welcher
136 1484 1293 1531 durch die Gleichstellung von his und c′, von cis′ und des′ u. s. w.
128 1522 1289 1570 entsteht, auf alle die 12 Quintenschritte, die uns vom c′ bis zum
136 1563 1293 1615 his oder vom cis′ zum des′ gebracht haben, gleichmässig vertheilt
133 1610 1292 1659 wird, so dass eine möglichst wenig nachtheilige künstliche Stimmung,
134 1651 1297 1692 die „gleichschwebende Temperatur” erzielt wird, mag als
136 1689 1295 1732 bekannt vorausgesetzt werden. Der Verlauf unserer Untersuchungen
129 1733 1297 1778 wird uns wiederholt genügende Nachweise liefern, dass eine
132 1834 1293 1882 da in der gewöhnlichen praktischen Musik, namentlich der instrumentalen,
125 1874 1293 1913 in Folge der Temperatur nicht nur der enharmonische Unterschied zwischen
128 1910 1292 1956 a′ und gisis′ oder bb′, sondern auch der syntonische Kommaunterschied
131 1938 564 1987 zwischen a′ und g′ entfällt.
227 1969 1234 2012 *) So Joachim nach Helmholtz' Versuch. A. a. O. S. 407.
211 2007 711 2057 **) S. Helmholtz. S. 631 ff.
