1407 2241
654 58 711 108 60
118 148 1271 190 übrigen über demselben Grundtone aufgebauten Klängen
111 187 1268 239 nur durch die verschiedene quantitative Vertretung
115 235 1273 275 der Bestandtheile unterscheidet, also nur eine andere
116 276 1268 315 Klangfarbe, nicht eine andere Klangbedeutung hat.
118 314 1265 364 Die beiden Glieder des Intervalles sind also zu¬
118 367 1269 411 sammengehörig, verwandt. Wenn wir dagegen ein
116 403 1272 443 Intervall hören, das sich in keinem musikalischen
118 443 1264 484 Klange wiederfindet, erweisen sich seine Glieder
114 493 1269 532 als nicht zusammengehörig, als nicht verwandt,
118 531 1273 579 indem sie nicht Einen Klang vertreten können,
114 571 1270 611 sondern selbst zwei verschiedene Klänge sind. Wir
121 612 1274 651 führen somit den Begriff der Tonverwandtschaft auf jenen der
119 650 1265 699 Klangfarbe zurück, indem wir annehmen, dass das Ohr die
118 699 1271 740 gewohnte qualitative Zusammensetzung des einzelnen musikalischen
121 739 1271 779 Klanges zur Richtschnur für die Beurtheilung der Doppelklänge
122 785 1272 827 oder Intervalle macht. Es beruht diese Ansicht durchaus nicht auf
122 827 1271 868 der Voraussetzung der Existenz der Partialtöne in jedem besonderen
121 867 1271 907 Falle; sie wird vielmehr der unbestreitbaren Zufälligkeit und Ver¬
122 907 1271 948 änderlichkeit dieses Phänomens gerecht und gilt in gleicher Weise für
120 948 1265 995 Intervalle der verschiedensten Klangfarben, ja sogar für den Zu¬
117 1000 1270 1035 sammenklang einfacher Töne. Dass in dem letzteren Falle die
117 1036 1272 1083 Klangbedeutung des Intervalls minder entschieden hervortritt, liegt
122 1082 1272 1132 auf der Hand. Man wird also den Instrumenten, beziehungsweise
120 1123 1273 1163 den Klangfarben der Instrumente, welche ein Volk benützt, einen
122 1164 1272 1203 nicht geringen Einfluss auf die Entwickelung des Sinnes für Ton¬
126 1201 1278 1244 verwandtschaft zuerkennen müssen. Wenn Helmholtz *), mit
124 1243 1267 1282 Recht darauf hinweist, dass der vorzugsweise Gebrauch der Männer¬
118 1284 1271 1323 stimmen im Alterthum und im Mittelalter dazu beigetragen haben
126 1324 1271 1364 mag, dass man die Terzen nicht als Consonanzen anerkennen wollte
130 1363 1275 1413 (da sie in den tieferen Lagen allerdings ziemlich rauh klingen), so
126 1411 1269 1451 kann man andererseits auch bemerken, dass die Entwickelung der
122 1452 1271 1492 modernen, harmonischen Musik mit der Bevorzugung der Streich¬
117 1491 1272 1531 instrumente, der Orgel und später des Clavieres Hand in Hand
122 1530 1271 1579 ging. Man braucht dieses Moment durchaus nicht zu überschätzen,
126 1571 1279 1619 wird aber jedenfalls zugeben, dass der Gebrauch mannigfaltigerer
121 1619 1279 1659 Klangfarben die harmonische Entwickelung der Tonkunst nur
126 1659 257 1699 fördert.
211 1698 1278 1743 Wir sprachen bisher nur von der Tonverwandtschaft als
123 1747 1281 1790 solcher. Der Begriff der Consonanz und Dissonanz lässt sich füglich
124 1794 1281 1835 nur beim Zusammenklang der Intervalle anwenden, nicht bei ihrer
118 1827 1281 1873 Folge, also nur in der harmonischen, nicht in der rein melodischen,
127 1867 1281 1908 einstimmigen Musik. Da die letztere aber unter allen Umständen
123 1910 1285 1955 eine frühere Kunststufe repräsentirt, so ist leicht einzusehen, dass
214 1995 515 2051 *) A. a. O. S. 301.
