1407 2241
647 68 734 116 122
111 155 1272 211 Terz zu Grunde liegt, also z. B. c+ + es}+ ist ein sehr seltener;
118 196 318 235 das Gebilde
113 324 1269 370 von welchem alle hierher gehörigen Accorde abzuleiten wären, lässt
115 365 1273 411 sich im Sinne einer viel näheren, z. B. der Quintverwandtschaft
107 404 246 452 deuten:
194 516 1257 561 Dieser Accord ist identisch mit dem sub 1) angeführten Sep¬
103 563 1271 603 timenaccorde der dritten und sechsten Stufe in Dur; dasselbe gilt
105 596 541 643 auch von der Dissonanz:
194 718 1268 762 Andere Deutungen finden wir noch auf der Grundlage einer
106 764 567 803 antinomen Verwandtschaft:
188 1090 1262 1131 Diese Vorhaltsauflösungen bedürfen wohl keiner weiteren Er¬
101 1132 1266 1179 klärung. Nur darauf wäre höchstens hinzuweisen, dass der Vorhalt
104 1172 1266 1219 der aufsteigenden kleinen Septime in der Folge a{—c′—e{′—g′ . . .
103 1219 1255 1258 a{—c′—e{′—a{′ weniger befriedigt, als die übrigen Vorhalte. Der
111 1258 1264 1298 Grund ist wohl darin zu suchen, dass die Auflösung durch einen
104 1300 1265 1339 minder fliessenden Ganztonschritt geschieht, welcher überdies zu
106 1339 1265 1387 einem phonischen Accordklange führt; die Auflösung nach dem
110 1379 1259 1436 tonischen Klange erscheint der Einheitlichkeit der Klangbedeutung
102 1427 1265 1468 wegen, die demselben ein entschiedenes Uebergewicht über den
106 1465 1255 1508 phonischen Bestandtheil der Dissonanz giebt, jedenfalls günstiger.
