1407 2241
699 67 758 115 43
144 159 1308 203 alterirt; ein neues Element, welches in den Einzelklängen noch nicht
148 196 1302 243 vorhanden war, kommt in den Zusammenklang erst durch die
139 243 1304 284 Schwebungen: die Rauhigkeit des sinnlichen Eindruckes. Aber
139 283 1306 330 diese Rauhigkeit oder Weichheit ist keineswegs identisch mit der
145 324 1303 371 harmonischen Bedeutung, mit der musikalischen Geltung eines
146 365 1303 417 Intervalles. Der sinnliche Eindruck ändert sich gar mannigfaltig
138 411 1296 456 je nach der verschiedenen Klangfarbe der gewählten Instrumente.
143 451 1292 500 Wenn z. B. den letzteren (wie den Clarinetten) die geradzahligen
142 492 1293 539 Obertöne fehlen, so ist der sinnliche Eindruck der Quinte ent¬
137 539 1305 578 schieden rauher, unangenehmer als jener der grossen Terz oder
141 579 1147 620 der grossen Sexte, wie das beigefügte Notenbeispiel zeigt:
137 1043 1299 1082 Bei der Quinte sind es tiefere, also stärkere Partialtöne, die in
138 1084 1303 1132 Schwebungen gerathen, als bei der Terz oder gar bei der Sexte,
138 1123 1295 1171 welche letztere überdies eine Coincidenz des 5. (für die Clarinetten¬
134 1171 1295 1212 Klangfarbe des 3.) Partialtones der Prime mit dem 3. (2.) Partial¬
138 1211 1294 1251 tone der höheren Stufe aufzuweisen hat, zwischen denen bei der
133 1251 1292 1299 Quinte Schwebungen stattfinden. Ausserdem ändert sich der Grad
136 1298 1299 1339 der Rauhigkeit der Schwebungen auch nach Lage des Intervalles.
135 1339 1295 1380 Die harmonische Geltung desselben bleibt aber unter
136 1378 1297 1419 allen Umständen genau dieselbe, wird weder durch
135 1418 1293 1459 eine veränderte Instrumentation noch durch Ver¬
130 1460 1301 1499 setzung in andere Octaven alterirt. Wenn also mit der
131 1499 1301 1552 Erörterung der coincidirenden und schwebenden Partialtöne (und
136 1540 1300 1587 Combinationstöne) die Lehre von den Ursachen der Consonanz und
134 1579 1298 1627 Dissonanz erschöpft sein sollte, so liessen sich gewichtige Einwen¬
134 1627 563 1668 dungen dagegen machen.
224 1667 1296 1707 Von diesen Gedanken ausgehend bemerkt A. v. Oettingen
134 1706 1298 1748 in seinem „Harmoniesystem in dualer Entwickelung“*): „Das
127 1748 1300 1796 mannigfach variirende Phänomen der Schwebungen und der Com¬
134 1794 1298 1836 binationstöne wird nicht in harmonischer, sondern nur in
130 1834 1295 1876 instrumentaler Hinsicht Berücksichtigung verdienen. Die
137 1875 1295 1929 Untersuchung (Helmholtz's) erstreckt sich mehr auf einzelne,
126 1916 1307 1971 gesonderte Fälle, und was das Wichtigste ist, auf ein blos nega¬
213 2019 352 2059 *) S. 30.
