1407 2241
698 75 784 116 133
147 155 1314 203 Tonwerken sich im Ganzen und Grossen nach ebendenselben Regeln
151 204 1310 252 richtet, wie die Folge einzelner Töne und Accorde, dass also auch
152 243 1302 292 hier dieselben drei einfachen Verwandtschaftsverhältnisse den Aus¬
149 283 375 332 schlag geben.
237 333 1305 379 Neben dem harmonischen Princip der Verwandtschaft sind wir
149 379 1303 427 jedoch noch einem zweiten, melodischen Princip begegnet: der
153 421 1307 468 Nachbarschaft der Töne. Hier zeigte sich uns abermals
150 460 1306 516 derselbe Zusammenhang; dieses Princip hat seine Geltung nicht
155 500 1298 547 blos in der einstimmigen Melodie, sondern auch in der Dissonanz¬
151 547 1308 595 auflösung und in gewissem Umfange sogar in der Accordfolge.
149 587 1302 643 Die harmonischen Beziehungen bilden mit ihren festbestimmten,
147 636 1303 675 unverrückbaren Stufen gewissermassen das wohlgefügte Gerüst des
154 673 1297 717 Tonwerkes, die melodische Fortschreitung zu den nächsten Nach¬
148 715 1300 764 baren dagegen kann einerseits die bereits bestehende harmonische
152 756 1301 801 Verbindung nach Bedarf inniger machen helfen, andererseits aber
143 796 1308 843 innerhalb der durch den harmonisch-architektonischen Grundplan
145 846 1300 892 vorgeschriebenen Grenzen auch selbstständig als Bindemittel auf¬
148 882 1301 931 treten. Dass in dem steten Ineinanderspielen der beiden Principe
150 926 1297 979 das harmonische als höchste Instanz seine Superiorität behauptet,
144 963 1298 1011 folgt nothwendig aus dem Einflusse des seinem Wesen nach harmo¬
146 1020 1109 1059 nischen Tonsystems auf die musikalische Architektonik.
230 1069 1295 1115 So stellt sich uns das musikalische Hören als immerwähren¬
143 1116 1303 1163 des Suchen und Finden harmonischer und melodischer Beziehungen
140 1156 1300 1199 zwischen einzelnen Tönen und ganzen, gleichzeitigen oder nach¬
151 1201 1307 1243 einanderfolgenden, Tongruppen dar. Es handelt sich also zunächst
150 1234 1304 1280 darum, den innigen Zusammenhang der musikalischen Klänge durch
145 1276 1298 1322 keine gewaltsame Unterbrechung zu stören. Scheint der Faden
146 1323 1302 1369 hier und da dennoch zu reissen, so muss dieser Riss eben als ein
137 1368 1293 1404 scheinbarer nachträglich irgendwie wieder gut gemacht, gerecht¬
149 1403 1302 1451 fertigt werden — und hier gewinnt jener im § 13 entwickelte
146 1451 1306 1491 weitere Begriff der Dissonanz als Hort der höchsten künstlerischen
150 1484 1297 1537 Einheit und Gesetzmässigkeit Bedeutung. Die vorgreifende Klang¬
140 1524 1294 1579 folge ist ein specieller Fall davon. Fassen wir nun diese Stetig¬
145 1563 1296 1611 keit im harmonischen und melodischen Zusammenhange der anein¬
141 1612 1301 1668 andergereihten Töne und Accorde in's Auge und bedenken wir,
139 1651 1303 1700 dass die verwandtschaftlichen und nachbarlichen Beziehungen ein
145 1692 1301 1739 dem Tonmateriale eigenthümliches, von der aussermusikalischen
138 1730 1305 1778 Erfahrung ganz unabhängiges Element sind, so können wir füglich
147 1780 1303 1825 von einer einheitlichen, organischen Entwickelung der
139 1820 1299 1866 Klänge sprechen und darin eine der Grundbedingungen
141 1858 880 1907 des Musikalisch-Schönen erblicken.
224 1916 1305 1971 Die Klänge eines Tonwerkes entwickeln sich aus einander, wie
142 1958 1298 2012 die Gedanken eines Gedichtes, wie Situationen eines Drama: sie
