1407 2241
657 59 724 108 80
118 148 1282 187 oder auch, ohne erst einer enharmonischen Verwechslung zu be¬
116 186 287 244 dürfen?):
201 373 1273 419 Es liegt im Wesen dieser Auflösung, dass sie nur bei gewissen
113 420 1273 459 Intervallen, deren Einzeltöne eben einen gemeinschaftlichen Nach¬
115 460 1268 506 bar besitzen, anwendbar ist. Viel häufiger kommt die gemischte
113 505 1276 547 Auflösung vor, bei welcher der auflösende Klang Nachbar
110 547 1273 588 des einen und unmittelbarer Verwandter des anderen von den
112 587 816 628 beiden dissonirenden Tönen ist. Z. B.:
115 781 1269 830 wo der C-Klang zum Des einen melodischen (Leitton-) Schritt,
115 820 1272 874 der B-Klang aber einen harmonischen (Terz-) Schritt ausführt.**)
192 867 1272 908 Bisher haben wir jedoch ausschliesslich nur die Klangfolge
105 912 1266 954 als solche in's Auge gefasst. Wir müssen nun auch die Art und
114 947 1271 995 Weise, wie die Klangbewegung thatsächlich geschieht, also die
111 987 1275 1036 Stimmführung betrachten. Hier kommt das melodische Element
108 1035 1271 1076 zu seiner vollsten Geltung: Diejenigen Auflösungen, welche
110 1074 1258 1119 durch die kleinsten melodischen Schritte der ein¬
107 1122 1270 1164 zelnen Stimmen zu Stande kommen, werden als die
192 1197 1263 1250 *) Ueber den Unterschied zwischen c’—ais“ . . . . 5—5“ und
113 1235 1269 1276 c’—5 . . . . 2—5 findet sich eine treffende Bemerkung bei M. Haupt¬
107 1276 1260 1314 mann: „Opuscula“ (Leipzig 1874), S. 65: „Zur Auflösung des Dominant¬
111 1313 1263 1348 septimenaccordes durch Erweiterung der Septime zur Octave.“ Die Disso¬
110 1340 1269 1379 nanzauflösung durch eine blosse chromatische Erhöhung ist in diesem
106 1374 406 1418 Falle ganz correct.
179 1402 1263 1444 **) Diese Auflösung kann auch noch anders, nämlich harmonisch
107 1443 1270 1484 gedeutet werden. Wenn man die nächstliegende normale Auflösung ver¬
110 1475 1263 1514 meiden will, so kann man mit Hülfe einer wohlberechtigten Fiction die
107 1507 1260 1547 beiden dissonirenden Töne, hier c und 5, als mittelbare Verwandte
110 1541 1261 1579 zweiten Grades auffassen und demgemäss behandeln; dann sind as und
108 1579 1019 1620 des die Vermittler, der Des - Klang somit der auflösende
109 1778 1273 1825 Ebenso liesse sich die Auflösung eins. ... 5—9“ auch als eine
109 1819 661 1875 gemischte betrachten: C + Fis
105 1939 1265 1980 Es ist klar, dass jede melodische Klangfolge durch irgend welche, wenn
106 1972 1277 2019 auch vielleicht etwas entferntere Verwandtschaftsbeziehungen an Innigkeit
110 2013 308 2058 nur gewinnt.
