1407 2241
686 67 749 108 35
138 146 1289 196 frägt sich nun, welches diese Stufen sein werden: Offenbar die¬
132 196 1299 241 jenigen Puncte der continuirlichen Tonreihe, welche am meisten
135 235 1289 275 fähig sind, ästhetisch werthvolle Verhältnisse ein¬
138 275 1297 323 zugehen. Da es sich hier um Stufen innerhalb der Tonreihe
136 323 1297 363 handelt, diese aber die Töne nur ihrer Höhe und Tiefe nach
138 363 1289 403 ordnet, ohne Rücksicht auf Klangfarbe und Tonstärke, so kann
137 402 1287 451 bei der Bestimmung jener fixen Puncte auch nur die Tonhöhe
138 451 1290 491 d. h. die Qualität der Tonempfindungen in Betracht kommen.
133 491 1289 532 Dass die qualitative Abstufung der Töne, also das Princip der
142 531 1297 579 Nachbarschaft, nicht dazu dienen kann, um feste Puncte
139 575 1294 619 innerhalb der Tonlinie zu markiren, ist klar; auf diesem Wege
131 622 1289 667 sind wir vielmehr gerade zum Continuum der Tonreihe gelangt.
139 660 1291 703 Ueberdies ist jenes Princip auch zu einseitig, um auf alleinige und
137 699 1289 747 entscheidende Geltung Anspruch erheben zu dürfen. Benachbarte
136 746 1292 795 Töne vermögen wohl in Folge ihrer qualitativen Uebereinstimmung
136 788 1286 827 ästhetisch wohlgefällige Verhältnisse zu bilden, wenn sie nach¬
138 827 1287 876 einander auftreten, also im Gebiete der einstimmigen Musik, der
134 869 1278 915 reinen Melodie, nicht aber innerhalb der Harmonie, des gleich
131 916 1286 955 zeitigen Zusammenklanges. Den Grund davon werden wir später
133 959 1286 995 zu erörtern haben; die Erfahrung wird niemand daran zweifeln
133 995 1291 1043 lassen: schon die unvermeidlichen Schwebungen stören die Harmonie
137 1041 780 1083 der nächsten Nachbarn im Tonreiche.
210 1083 1296 1123 Es bleibt also nur das Princip der Verwandtschaft
130 1123 1290 1164 der Töne für unseren Zweck, die Bestimmung fixer Puncte im
134 1164 1292 1211 Continuum der Tonlinie, übrig. Wir wissen, dass man in der
135 1211 1286 1252 Musik Consonanzen und Dissonanzen unterscheidet. Jene
130 1254 1282 1300 entstehen durch das Zusammenerklingen von Tönen, die zwar quali¬
135 1297 1287 1340 tativ einander mehr oder weniger ferne stehen, doch aber eine
129 1331 1285 1387 gewisse Zusammengehörigkeit oder Verwandtschaft*) bekunden, die
131 1385 1289 1420 sich in ihrer Verträglichkeit, in ihrem wohllautenden und be¬
130 1418 1279 1459 friedigenden Zusammenklang äussert. Als consonant gelten heut¬
133 1459 1289 1500 zutage: die Octave, die Quinte, die Quarte, die beiden Terzen und
131 1499 1287 1540 die beiden Sexten. Die übrigen Intervalle werden bekanntlich als
131 1539 1288 1588 Dissonanzen behandelt. Sie befriedigen durch ihren Zusammenklang
125 1582 1283 1627 nicht, indem sie sich als unverträglich, einander gegenseitig ab¬
130 1627 1283 1668 stossend und bekämpfend, also nicht zusammengehörig oder ver¬
128 1667 1287 1708 wandt, erweisen. Die Geschichte lehrt uns, dass die Scheidelinie
129 1707 1291 1747 zwischen Consonanz und Dissonanz sich im Laufe der Zeiten
129 1747 1287 1797 mannigfach geändert hat, gewährt uns aber zugleich den Trost,
131 1788 1289 1835 dass sich stets nur das Reich der Consonanz nicht jenes der Disso¬
130 1836 1286 1875 nanz erweitert, indem wohl gewisse Intervalle ihren früheren disso¬
130 1875 1290 1920 nanten Charakter für das Gehör der musikalischen Welt verloren
217 1971 1283 2011 *) Der Grund, warum wir hier „Consonanz“ und „Verwandtschaft“
124 2010 1050 2049 als Eines auffassen, wird alsbald leicht eingesehen werden.
