1407 2241
686 58 742 108 61
142 147 1294 196 das unmittelbare Verhältniss der Grundtöne, wie wir
143 195 1293 243 es hier als den Kern der Tonverwandtschaft dargestellt haben,
143 235 1299 275 einen festeren Anhaltspunct bietet, als die Coineidenz der höheren
142 275 1299 323 Partialtöne, die in der melodischen Folge noch weniger Wirksamkeit
142 321 1296 364 besitzt, als im harmonischen Zusammenklang. Beim letzteren kommt
145 364 1299 403 nun zur Verwandtschaft als zweites, allerdings sehr wichtiges
138 403 1298 451 Moment hinzu: der sinnliche Wohllaut der harmonisch
149 444 1298 491 verwandten und die Rauhigkeit der nicht verwandten
141 491 1297 539 Zusammenklänge. Wir werden also weit davon entfernt sein,
144 532 1297 572 die ganze Annehmlichkeit eines harmonischen Intervalles oder
142 575 1291 620 seine ganze Unannehmlichkeit auf die Verwandtschaft der Intervall¬
142 618 1294 663 glieder oder das Gegentheil davon zurückführen zu wollen. Hier
139 665 1299 707 treten die „Störungen des Zusammenklanges“, wie sie
141 700 1297 744 Helmholtz so classisch dargestellt hat, nämlich die Einflüsse
144 740 1299 795 der Schwebungen, in ihr volles Recht. Man muss zugeben,
145 788 1290 827 dass der Unterschied zwischen Consonanz und Dissonanz bei ein¬
142 828 1302 867 fachen Tönen ein bei weitem mässigerer ist, als bei Klängen mit
144 867 1302 916 harmonischen Obertönen. Allein es ist auch schon wiederholt mit
142 916 1302 954 Nachdruck betont worden, dass der Grad der Annehmlichkeit des
139 956 1302 995 sinnlichen Eindruckes durchaus nicht zu identificiren sei mit der
142 995 1300 1035 harmonischen Bedeutung der Intervalle, wenn auch Beides im
146 1035 1295 1082 Ganzen und Grossen parallel läuft. Die letztere, die Verwandt¬
139 1084 1304 1123 schaft ist das eigentliche aesthetische, die sinnliche
152 1123 1291 1163 Wirkung des Zusammenklangs aber das physiolo¬
148 1163 1291 1213 gische Moment der Harmonie. Wenn wir uns an v. Oet¬
147 1204 1302 1259 tingen's duales Harmoniesystem erinnern, so müssen wir sagen,
147 1251 1299 1290 dass die Phonicität, d. h. das Verhältniss der beiderseitigen
149 1291 1298 1339 Partialtöne der Intervallglieder als physiologischer Natur
145 1331 1291 1387 aufgefasst werden kann, sobald man, wie es recht und billig ist,
144 1380 1304 1419 nicht blos bei der Coincidenz der Obertöne stehen bleibt, sondern
143 1419 1298 1460 auch die Schwebungen derselben in Anschlag bringt, dass hingegen
143 1460 1296 1500 die Tonicität, als die Eigenschaft eines Intervalles, Bestandtheil
142 1506 1294 1540 eines Klanges zu sein, das aesthetisch Werthvolle an der
147 1539 1297 1585 Harmonie ist. Dieses Letztere ist allerdings etwas Constantes,
144 1579 1296 1627 Nothwendiges, jenes Erstere etwas Veränderliches, Zufälliges (weil
146 1619 1293 1667 von der Klangfarbe im besonderen Falle Abhängiges). Eine voll¬
149 1666 1293 1706 kommene, gleichberechtigte Parität beider Principe, wie sie v. Oet¬
146 1708 1298 1748 tingen vertritt, können wir nicht gelten lassen. Für den Aesthe¬
137 1748 1295 1787 tiker kann nur die Tonicität massgebend sein — und sie reicht
146 1788 1299 1836 auch hin, um die wichtigsten Fragen der Harmonielehre zu beant¬
141 1842 1302 1875 worten. Dem praktischen Musiker darf natürlich auch das rein
143 1875 1132 1916 sinnliche Moment seiner Kunst nicht gleichgiltig bleiben.
226 1915 1299 1963 Es wurde bereits einmal darauf hingewiesen, dass die Inter¬
146 1961 1301 2011 valle, aus denen sich der musikalische Klang aufbaut, denjenigen
142 2003 1299 2046 entsprechen, die die Harmonielehre als die „consonanten“, be¬
