1407 2241
645 68 734 115 108
109 155 1273 195 an einer sehr beherzigenswerthen Stelle seiner „Lehre von den
116 196 1273 243 Tonempfindungen”. *) Diesen Grundsatz werden wir auch fest¬
113 235 1276 284 halten müssen, wenn wir nun mit wenigen Worten das berüchtigte
114 284 663 331 Quintenverbot erwähnen. **)
195 340 1267 386 Die Quintenfolgen sind an und für sich ebensowenig übel¬
109 383 1273 428 klingend, als die Octavenfolgen. Sie sind ja als Parallelen der
116 427 1273 466 Partialtöne schon in jeder einstimmig gesungenen oder gespielten
115 468 1274 507 Melodie enthalten, werden mitunter wie in den Mixturen der
114 507 1270 555 Orgel sogar künstlich hervorgebracht. Leute von unentwickeltem
117 562 1269 595 musikalischem Gehör (welcher Mangel jedoch nicht etwa in der
119 595 1271 635 Unfähigkeit zur Auffassung von Consonanzen, sondern vielmehr
117 635 1274 677 umgekehrt in der Unfähigkeit zur Auffassung von Dissonanzen zu
110 688 1266 730 suchen ist) sind im Stande, ganze melodische Phrasen in parallelen
120 723 1268 771 Quinten zu singen, wenn es ihnen nicht gelungen ist, gleich den
119 763 1269 811 ersten Ton richtig (im Einklange oder in der Octave) zu intoniren;
116 804 1269 851 wirklichen Missklängen weichen sie dagegen unwillkürlich aus.
117 845 1263 899 Dass man in den ersten Anfängen der mittelalterlichen Polyphonie
114 892 1272 932 vor Quintenparallelen nicht zurückschreckte, ist bekannt; die Sexten
114 931 1269 971 und Terzen galten damals noch für Dissonanzen. Die spätere Ent¬
118 972 1272 1020 wickelung der Musik hatte allerdings guten Grund, die Quinten¬
118 1027 1268 1068 parallelen in den Bann zu thun; dass übrigens auch hier das
120 1059 1268 1100 Verbot kein absolutes sein kann, hat die neuere Praxis und die
109 1100 1272 1148 ihr nachhinkende Theorie zur Genüge erwiesen. Eine Art von
112 1142 1268 1187 Casuistik für zulässige Ausnahmsfälle mag gewisse Vortheile für
111 1186 1269 1228 den praktischen Bedarf der Schule haben; die wissenschaftliche
121 1227 1267 1274 Theorie kann sich mit ihr nicht begnügen, sie muss die Wirkung
110 1267 1265 1308 der Quintenparallelen zum hauptsächlichsten Gegenstande
114 1307 593 1348 ihrer Untersuchung machen.
185 1363 1269 1410 Es ist leicht einzusehen, dass die verwandtschaftlichen Verhältnisse
107 1416 1269 1452 zwischen zwei oder mehreren auf einander folgenden Tönen dadurch
114 1451 1272 1492 hervorgehoben, eindringlicher gemacht werden, wenn sie durch eine
113 1498 1271 1539 gleichzeitige Parallelreihe begleitet werden. Dieselben Tonschritte,
115 1539 1271 1579 also auch dieselben verwandtschaftlichen Beziehungen wiederholen
110 1571 1259 1619 sich dann in verschiedenen Lagen; die Quintenfolge c—g . . .
115 1618 1271 1670 d—a . . . e{—h{ u. s. f. besteht z. B. aus zwei gleichzeitigen, formell
111 1658 1265 1699 identischen, nur durch die absolute Tonhöhe sich unterscheidenden
107 1699 1274 1740 Folgen c . . . d . . . e{ und g . . . a . . . h{ . . . Natürlich ist
110 1739 1264 1796 das Intervall, um welches die beiden Folgen von einander abstehen,
195 1858 358 1907 *) S. 552.
189 1907 1268 1955 **) Vgl. namentlich A. W. Ambros: „Zur Lehre vom Quinten¬
108 1941 1269 1979 verbote”, Leipzig, o. J.) und Wilhelm Tappert: „Das Verbot der
114 1971 1263 2012 Quinten-Parallelen” (Leipzig, 1869). Die mehr als 200 Beispiele der letz¬
113 2010 1208 2049 teren Schrift sind jedenfalls ein interessantes Untersuchungsmateriale.
