1407 2241
671 66 729 115 40
122 156 1270 195 die Empfindung intermittirend, rauh, unangenehm. Dies gilt natür¬
120 195 1275 243 lich auch von den Partialtönen zweier Klänge. Insoferne sie genau
124 249 1266 284 zusammenfallen oder doch so auseinanderliegen, dass keine Schwe¬
119 283 1277 330 bungen entstehen können, bleibt die Empfindung continuirlich;
122 329 1272 371 sobald sie jedoch enge Intervalle bilden, bringen die unvermeid¬
130 365 1281 417 lichen Schwebungen eine intermittirende, unangenehme Empfindung
118 411 1279 459 hervor. Je mehr von den Partialtönen zweier Klänge coincidiren,
121 451 1273 497 desto consonanter, wohlklingender, je mehr Partialtöne aber in
119 491 1280 539 Schwebungen gerathen, desto dissonanter, übelklingender ist das
115 539 1279 579 betreffende Intervall. Im nachstehenden Notenbeispiele sind die
119 579 1276 620 Coineidenzen und Schwebungen der tieferen Partialtöne, erstere
121 619 1069 667 durch Bögen, letztere durch zackige Linien, angezeigt:
118 1083 1273 1123 Natürlich ist sowohl die Coincidenz als auch die Schwebung um
118 1124 1267 1172 so wichtiger und wirksamer, je stärker, d. h. je tiefer der Ord¬
118 1164 1272 1219 nungszahl nach die betreffenden Partialtöne sind. Bei der Prime,
113 1211 1262 1258 der Octave, Duodecime und überhaupt allen im Klange selbst ent¬
119 1247 1276 1291 haltenen Intervallen giebt es keine Schwebungen; die nicht bereits
114 1292 1278 1331 im einzelnen Klange vorhanden wären; es coincidiren sämmtliche
117 1331 1275 1372 Partialtöne des höheren Klanges mit jenen des tieferen. Beim
118 1372 1275 1412 Quintintervall ist die nächste Coincidenz die des 3. Partialtones
119 1411 1272 1459 der Prime mit dem entsprechenden Partialtone der Quinte. Bei
114 1451 1272 1499 der Quarte coincidirt der 4., bei der grossen Sexte und der grossen
117 1499 1275 1539 Terz der 5., bei der kleinen Terz der 6., bei der kleinen Sexte
114 1547 1275 1587 sogar erst der 8. Partialton der Prime. Bei den Schwebungen
114 1580 1275 1626 macht es begreiflicher Weise auch einen Unterschied, ob das
111 1627 1278 1668 schwebende Intervall ein kleineres oder grösseres ist; im ersteren
113 1666 1265 1707 Falle ist bekanntlich die Empfindung um so rauher. Da ferner
117 1706 1265 1748 auch die Stärke der Partialtöne im einzelnen Falle von entschei¬
114 1747 1275 1803 dender Bedeutung für den Grad der Consonanz und Dissonanz ist,
109 1788 1277 1835 so wird sich dieser bei verschiedenen Klangfarben auch ändern
110 1836 1271 1876 müssen. Helmholtz hat den Einfluss der Schwebungen auf die
112 1875 1271 1916 Rauhigkeit der Intervalle für Violinklänge (bei denen die Intensität
114 1916 1271 1964 der Partialtöne nach oben so abnimmt, dass der zweite nur ¼,
110 1956 1278 2003 der dritte ½, der vierte 1/16 u. s. w. jener Stärke besitzt, die
