<?xml version="1.0" encoding="UTF-8" standalone="yes"?>
<PcGts xmlns="http://schema.primaresearch.org/PAGE/gts/pagecontent/2013-07-15" xmlns:xsi="http://www.w3.org/2001/XMLSchema-instance" xsi:schemaLocation="http://schema.primaresearch.org/PAGE/gts/pagecontent/2013-07-15 http://schema.primaresearch.org/PAGE/gts/pagecontent/2013-07-15/pagecontent.xsd">
    <Metadata>
        <Creator>prov=University of Rostock/Institute of Mathematics/CITlab|PLANET AI GmbH/Gundram Leifert/gundram.leifert@planet-ai.de:name=ONB_Newseye_GT_M1+(htr_id=10810)::::v=2.6.7
prov=University of Rostock/Institute of Mathematics/CITlab|PLANET AI GmbH/Tobias Gruening/tobias.gruening@planet-ai.de:name=de.uros.citlab.module.baseline2polygon.B2PSeamMultiOriented:v=2.6.7
prov=University of Rostock/Institute of Mathematics/CITlab|PLANET AI GmbH/Tobias Gruening/tobias.gruening@planet-ai.de:name=/net_tf/LA73_249_0mod360.pb:de.uros.citlab.segmentation.CITlab_LA_ML:v=2.6.6
Transkribus</Creator>
        <Created>2020-12-03T18:01:29.872+01:00</Created>
        <LastChange>2021-07-15T11:06:40.890+02:00</LastChange>
        <TranskribusMetadata docId="548790" pageId="22902345" pageNr="4" tsid="61467616" status="DONE" userId="74363" imgUrl="https://files.transkribus.eu/Get?id=WVFMKHDRGAGVCJTJOOLEQEEP&amp;fileType=view" xmlUrl="https://files.transkribus.eu/Get?id=ZPCIXUEYJVNEFRHBBSPGAYNR" imageId="17865650"/>
    </Metadata>
    <Page imageFilename="Hostinský1879-0004.jpg" imageWidth="1407" imageHeight="2241" type="content">
        <ReadingOrder>
            <OrderedGroup id="ro_1626454103937" caption="Regions reading order">
                <RegionRefIndexed index="0" regionRef="TextRegion_1626023173348_69"/>
                <RegionRefIndexed index="1" regionRef="TextRegion_1626023173348_68"/>
                <RegionRefIndexed index="2" regionRef="TextRegion_1626023168090_64"/>
                <RegionRefIndexed index="3" regionRef="TextRegion_1626023161681_60"/>
            </OrderedGroup>
        </ReadingOrder>
        <TextRegion orientation="0.0" type="page-number" id="TextRegion_1626023173348_69" custom="readingOrder {index:0;} structure {type:page-number;}">
            <Coords points="121,85 1280,85 1280,142 121,142"/>
            <TextLine id="r1l1" custom="readingOrder {index:0;}">
                <Coords points="658,113 689,117 713,115 716,111 723,111 720,74 712,74 711,76 708,74 675,76 673,74 665,81 655,82"/>
                <Baseline points="665,109 690,107 715,105"/>
                <TextEquiv>
                    <Unicode>IV</Unicode>
                </TextEquiv>
            </TextLine>
            <TextEquiv>
                <Unicode>IV</Unicode>
            </TextEquiv>
        </TextRegion>
        <TextRegion orientation="0.0" type="paragraph" id="TextRegion_1626023173348_68" custom="readingOrder {index:1;} structure {type:paragraph;}">
            <Coords points="121,142 1280,142 1280,968 121,968"/>
            <TextLine id="r1l2" custom="readingOrder {index:0;}">
                <Coords points="122,203 1261,204 1280,167 121,169"/>
                <Baseline points="129,195 186,194 243,194 300,194 357,194 415,194 472,193 529,193 586,193 643,193 701,193 758,193 815,193 872,193 929,193 987,193 1044,193 1101,193 1158,192 1215,192 1273,192"/>
                <TextEquiv>
                    <Unicode>Ansichten in Folge einer erfreulichen Uebereinstimmung sowohl in</Unicode>
                </TextEquiv>
            </TextLine>
            <TextLine id="r1l3" custom="readingOrder {index:1;}">
                <Coords points="126,246 1278,242 1278,210 1143,203 126,210"/>
                <Baseline points="133,236 189,236 246,237 303,237 360,237 417,237 474,237 531,237 588,237 645,237 702,237 758,237 815,236 872,236 929,236 986,236 1043,236 1100,236 1157,235 1214,235 1271,235"/>
                <TextEquiv>
                    <Unicode>einzelnen wichtigen Puncten, wie in der allgemeinen Tendenz nur</Unicode>
                </TextEquiv>
            </TextLine>
            <TextLine id="r1l4" custom="readingOrder {index:2;}">
                <Coords points="113,297 1270,292 1280,250 113,256"/>
                <Baseline points="121,281 178,281 236,280 293,280 351,280 409,279 466,279 524,279 581,279 639,278 697,278 754,278 812,278 869,278 927,278 985,278 1042,278 1100,278 1157,278 1215,277 1273,277"/>
                <TextEquiv>
                    <Unicode>gefestigt, trotz einigen nicht unwesentlichen Differenzen. Ich hielt</Unicode>
                </TextEquiv>
            </TextLine>
            <TextLine id="r1l5" custom="readingOrder {index:3;}">
                <Coords points="123,332 1255,339 1274,291 123,300"/>
                <Baseline points="131,321 187,321 244,322 301,322 358,322 415,322 471,322 528,322 585,322 642,322 699,322 755,322 812,321 869,321 926,321 983,321 1039,321 1096,321 1153,320 1210,320 1267,320"/>
                <TextEquiv>
                    <Unicode>es deshalb auch jetzt, da ich nach zwei Jahren das Manuscript</Unicode>
                </TextEquiv>
            </TextLine>
            <TextLine id="r1l6" custom="readingOrder {index:4;}">
                <Coords points="123,373 1276,371 1276,331 123,332"/>
                <Baseline points="130,363 186,363 243,363 300,364 357,364 414,364 471,364 528,364 585,364 642,364 699,363 755,363 812,363 869,363 926,363 983,363 1040,362 1097,362 1154,362 1211,362 1268,361"/>
                <TextEquiv>
                    <Unicode>dem Drucke übergeben habe, nicht für nöthig, an dem Wortlaut</Unicode>
                </TextEquiv>
            </TextLine>
            <TextLine id="r1l7" custom="readingOrder {index:5;}">
                <Coords points="123,415 1283,412 1283,379 1222,372 123,373"/>
                <Baseline points="130,405 187,405 244,406 301,406 359,406 416,406 473,406 531,406 588,406 645,406 703,405 760,405 817,405 874,405 932,405 989,405 1046,405 1104,404 1161,404 1218,404 1276,405"/>
                <TextEquiv>
                    <Unicode>des Textes etwas zu ändern und begnügte mich mit wenigen</Unicode>
                </TextEquiv>
            </TextLine>
            <TextLine id="r1l8" custom="readingOrder {index:6;}">
                <Coords points="122,459 1136,468 1279,456 1279,420 122,423"/>
                <Baseline points="129,448 186,448 243,448 300,448 357,448 414,448 471,448 528,447 585,447 642,447 700,447 757,447 814,447 871,447 928,447 985,447 1042,447 1099,447 1156,447 1213,447 1271,447"/>
                <TextEquiv>
                    <Unicode>Anmerkungen und Hinweisen unter dem Striche. Hier mögen aber</Unicode>
                </TextEquiv>
            </TextLine>
            <TextLine id="r1l9" custom="readingOrder {index:7;}">
                <Coords points="120,499 1101,508 1279,499 1279,458 120,467"/>
                <Baseline points="127,490 184,490 241,490 298,490 356,490 413,490 470,490 527,490 585,490 642,490 699,490 756,490 814,490 871,489 928,489 985,489 1043,489 1100,489 1157,489 1214,489 1272,488"/>
                <TextEquiv>
                    <Unicode>noch einige weitere Bemerkungen Platz finden. Ein Hauptverdienst</Unicode>
                </TextEquiv>
            </TextLine>
            <TextLine id="r1l10" custom="readingOrder {index:8;} textStyle {offset:0; length:7;fontSize:0.0; kerning:0; letterSpaced:true;}">
                <Coords points="122,539 1280,537 1241,501 122,499"/>
                <Baseline points="129,532 186,532 243,532 300,532 357,532 415,532 472,532 529,532 586,532 643,532 701,532 758,531 815,531 872,531 929,531 987,531 1044,531 1101,531 1158,531 1215,530 1273,530"/>
                <TextEquiv>
                    <Unicode>Riemann's ist die Anerkennung der Terzverwandtschaft der</Unicode>
                </TextEquiv>
            </TextLine>
            <TextLine id="r1l11" custom="readingOrder {index:9;}">
                <Coords points="118,587 1281,580 1281,547 1223,540 118,539"/>
                <Baseline points="125,574 182,575 239,575 297,575 354,576 412,576 469,576 527,575 584,575 642,575 699,575 756,574 814,574 871,574 929,574 986,573 1044,573 1101,573 1159,573 1216,574 1274,574"/>
                <TextEquiv>
                    <Unicode>Dreiklänge („Syntaxis”, S. 17), die zur Folge hat, dass er Folgen</Unicode>
                </TextEquiv>
            </TextLine>
            <TextLine id="line_1626023219997_104" custom="readingOrder {index:10;} textStyle {offset:5; length:1;italic:true; fontSize:0.0; kerning:0;} textStyle {offset:7; length:1;fontSize:0.0; kerning:0; superscript:true;} textStyle {offset:13; length:1;italic:true; fontSize:0.0; kerning:0;} textStyle {offset:15; length:1;fontSize:0.0; kerning:0; superscript:true;} textStyle {offset:21; length:1;italic:true; fontSize:0.0; kerning:0;} textStyle {offset:22; length:1;fontSize:0.0; kerning:0; superscript:true;} textStyle {offset:25; length:1;italic:true; fontSize:0.0; kerning:0;} textStyle {offset:26; length:1;fontSize:0.0; kerning:0; superscript:true;} textStyle {offset:32; length:1;italic:true; fontSize:0.0; kerning:0;} textStyle {offset:34; length:1;fontSize:0.0; kerning:0; superscript:true;} textStyle {offset:40; length:1;italic:true; fontSize:0.0; kerning:0;} textStyle {offset:41; length:1;fontSize:0.0; kerning:0; superscript:true;} textStyle {offset:44; length:1;italic:true; fontSize:0.0; kerning:0;} textStyle {offset:45; length:1;fontSize:0.0; kerning:0; superscript:true;} textStyle {offset:51; length:2;italic:true; fontSize:0.0; kerning:0;} textStyle {offset:54; length:1;fontSize:0.0; kerning:0; superscript:true;} textStyle {offset:60; length:1;italic:true; fontSize:0.0; kerning:0;} textStyle {offset:61; length:1;fontSize:0.0; kerning:0; superscript:true;}">
                <Coords points="119,627 823,603 903,635 1011,603 1273,634 1249,582 119,593"/>
                <Baseline points="126,617 151,616 176,616 202,616 227,616 252,616 278,617 303,617 328,617 354,617 379,617 405,617 430,617 455,617 481,616 506,616 531,615 557,614 582,614 608,612 703,615 739,613 852,615 881,617 911,616 940,613 970,611 987,614 1015,616 1043,616 1076,614 1112,612 1158,618 1188,618 1218,614 1266,616"/>
                <TextEquiv>
                    <Unicode>wie: c{+ . . e{+ . . c+; c+ . . a{+ . . c+; c+ . . es}+ . . c+;</Unicode>
                </TextEquiv>
            </TextLine>
            <TextLine id="r1l19" custom="readingOrder {index:11;} textStyle {offset:0; length:1;italic:true; fontSize:0.0; kerning:0;} textStyle {offset:1; length:1;fontSize:0.0; kerning:0; superscript:true;} textStyle {offset:7; length:2;italic:true; fontSize:0.0; kerning:0;} textStyle {offset:10; length:1;fontSize:0.0; kerning:0; superscript:true;} textStyle {offset:16; length:1;italic:true; fontSize:0.0; kerning:0;} textStyle {offset:17; length:1;fontSize:0.0; kerning:0; superscript:true;}">
                <Coords points="118,666 1281,667 1281,635 1149,621 118,633"/>
                <Baseline points="125,656 182,657 239,657 297,658 354,658 412,659 469,659 527,659 584,659 642,659 699,659 756,659 814,658 871,658 929,658 986,658 1044,658 1101,658 1159,658 1216,658 1274,658"/>
                <TextEquiv>
                    <Unicode>c+ . . as}+ . . c+ u. s. w. „unbedenklich als einfache Thesen” gelten</Unicode>
                </TextEquiv>
            </TextLine>
            <TextLine id="r1l20" custom="readingOrder {index:12;}">
                <Coords points="118,709 1274,707 1274,672 1231,668 118,668"/>
                <Baseline points="125,701 182,702 239,702 296,702 353,702 410,702 467,702 524,702 581,702 638,702 696,702 753,702 810,702 867,701 924,701 981,701 1038,701 1095,700 1152,700 1209,699 1267,699"/>
                <TextEquiv>
                    <Unicode>lässt (A. a. O. S. 21) *). Damit hängt denn auch das Aufgeben</Unicode>
                </TextEquiv>
            </TextLine>
            <TextLine id="r1l21" custom="readingOrder {index:13;}">
                <Coords points="120,756 1278,754 1278,715 1229,706 120,715"/>
                <Baseline points="128,742 185,742 242,743 299,743 356,743 413,744 470,744 528,744 585,744 642,744 699,744 756,744 813,744 870,744 928,744 985,743 1042,743 1099,743 1156,742 1213,742 1271,741"/>
                <TextEquiv>
                    <Unicode>des alten Tonartbegriffes zusammen (S. 41), von dem sich selbst</Unicode>
                </TextEquiv>
            </TextLine>
            <TextLine id="r1l22" custom="readingOrder {index:14;} textStyle {offset:8; length:9;fontSize:0.0; kerning:0; letterSpaced:true;}">
                <Coords points="125,795 1275,795 1275,762 1148,751 125,760"/>
                <Baseline points="132,784 188,784 245,785 302,785 359,785 416,785 472,785 529,786 586,786 643,786 700,786 756,786 813,786 870,786 927,785 984,785 1040,785 1097,785 1154,785 1211,785 1268,785"/>
                <TextEquiv>
                    <Unicode>noch v. Oettingen nicht vollständig emancipirt hat (vgl. im</Unicode>
                </TextEquiv>
            </TextLine>
            <TextLine id="r1l23" custom="readingOrder {index:15;} textStyle {offset:37; length:7;fontSize:0.0; kerning:0; letterSpaced:true;}">
                <Coords points="118,835 1282,835 1282,801 1237,795 118,795"/>
                <Baseline points="125,827 182,828 240,828 297,828 355,828 412,828 470,828 527,828 585,828 642,828 700,828 757,828 815,828 872,828 930,827 987,827 1045,827 1102,827 1160,827 1217,827 1275,827"/>
                <TextEquiv>
                    <Unicode>Nachfolgenden § 20). Die Andeutungen Riemann's über seine</Unicode>
                </TextEquiv>
            </TextLine>
            <TextLine id="r1l24" custom="readingOrder {index:16;}">
                <Coords points="116,883 1283,875 1283,843 1184,835 116,835"/>
                <Baseline points="124,870 181,869 239,869 296,869 354,869 412,870 469,870 527,870 584,870 642,871 700,871 757,871 815,871 872,871 930,871 988,871 1045,871 1103,870 1160,870 1218,869 1276,868"/>
                <TextEquiv>
                    <Unicode>Dissonanzlehre (namentlich in der „Syntaxis”, S. 111 ff.) lassen</Unicode>
                </TextEquiv>
            </TextLine>
            <TextLine id="r1l25" custom="readingOrder {index:17;}">
                <Coords points="117,930 1274,924 1274,887 117,890"/>
                <Baseline points="125,912 182,912 239,912 296,912 353,912 410,912 467,912 524,912 581,912 638,912 696,912 753,912 810,912 867,912 924,912 981,912 1038,912 1095,912 1152,912 1209,911 1267,911"/>
                <TextEquiv>
                    <Unicode>gleichfalls eine Uebereinstimmung mit den von mir vertretenen</Unicode>
                </TextEquiv>
            </TextLine>
            <TextLine id="r1l26" custom="readingOrder {index:18;}">
                <Coords points="121,964 792,971 956,964 969,931 121,932"/>
                <Baseline points="128,954 169,954 211,954 253,954 294,954 336,953 378,953 419,953 461,954 503,954 545,954 586,954 628,954 670,954 711,954 753,954 795,954 836,954 878,954 920,954 962,954"/>
                <TextEquiv>
                    <Unicode>Ansichten in mehr als einer Beziehung erwarten.</Unicode>
                </TextEquiv>
            </TextLine>
            <TextEquiv>
                <Unicode>Ansichten in Folge einer erfreulichen Uebereinstimmung sowohl in&#13;
einzelnen wichtigen Puncten, wie in der allgemeinen Tendenz nur&#13;
gefestigt, trotz einigen nicht unwesentlichen Differenzen. Ich hielt&#13;
es deshalb auch jetzt, da ich nach zwei Jahren das Manuscript&#13;
dem Drucke übergeben habe, nicht für nöthig, an dem Wortlaut&#13;
des Textes etwas zu ändern und begnügte mich mit wenigen&#13;
Anmerkungen und Hinweisen unter dem Striche. Hier mögen aber&#13;
noch einige weitere Bemerkungen Platz finden. Ein Hauptverdienst&#13;
Riemann's ist die Anerkennung der Terzverwandtschaft der&#13;
Dreiklänge („Syntaxis”, S. 17), die zur Folge hat, dass er Folgen&#13;
wie: c{+ . . e{+ . . c+; c+ . . a{+ . . c+; c+ . . es}+ . . c+;&#13;
c+ . . as}+ . . c+ u. s. w. „unbedenklich als einfache Thesen” gelten&#13;
lässt (A. a. O. S. 21) *). Damit hängt denn auch das Aufgeben&#13;
des alten Tonartbegriffes zusammen (S. 41), von dem sich selbst&#13;
noch v. Oettingen nicht vollständig emancipirt hat (vgl. im&#13;
Nachfolgenden § 20). Die Andeutungen Riemann's über seine&#13;
Dissonanzlehre (namentlich in der „Syntaxis”, S. 111 ff.) lassen&#13;
gleichfalls eine Uebereinstimmung mit den von mir vertretenen&#13;
Ansichten in mehr als einer Beziehung erwarten.</Unicode>
            </TextEquiv>
        </TextRegion>
        <TextRegion orientation="0.0" id="TextRegion_1626023168090_64" custom="readingOrder {index:2;} structure {type:paragraph-continued;}">
            <Coords points="121,968 1280,968 1280,1861 121,1861"/>
            <TextLine id="r1l27" custom="readingOrder {index:0;}">
                <Coords points="203,1005 1278,1003 1264,964 203,964"/>
                <Baseline points="211,995 264,996 317,996 370,996 423,996 476,996 529,996 582,996 635,997 688,997 741,997 794,997 847,997 900,997 953,996 1006,996 1059,996 1112,996 1165,996 1218,996 1271,995"/>
                <TextEquiv>
                    <Unicode>Dagegen zeigt sich zwischen uns eine doppelte principielle</Unicode>
                </TextEquiv>
            </TextLine>
            <TextLine id="r1l28" custom="readingOrder {index:1;} textStyle {offset:11; length:7;fontSize:0.0; kerning:0; letterSpaced:true;}">
                <Coords points="114,1052 1281,1049 1281,1010 1232,1004 114,1004"/>
                <Baseline points="121,1036 178,1037 236,1037 293,1037 351,1037 409,1038 466,1038 524,1038 582,1038 639,1038 697,1038 755,1038 812,1038 870,1038 928,1038 985,1038 1043,1038 1101,1038 1158,1038 1216,1038 1274,1038"/>
                <TextEquiv>
                    <Unicode>Differenz: Riemann giebt erstens die natürlichen Tonverhältnisse</Unicode>
                </TextEquiv>
            </TextLine>
            <TextLine id="r1l29" custom="readingOrder {index:2;}">
                <Coords points="120,1091 1087,1100 1279,1090 1279,1055 120,1057"/>
                <Baseline points="128,1079 185,1079 242,1079 299,1079 356,1079 414,1080 471,1080 528,1080 585,1080 642,1080 700,1080 757,1080 814,1080 871,1080 928,1080 986,1080 1043,1080 1100,1080 1157,1080 1214,1080 1272,1079"/>
                <TextEquiv>
                    <Unicode>auf und legt seiner Theorie die gleichschwebende Temperatur zum</Unicode>
                </TextEquiv>
            </TextLine>
            <TextLine id="r1l30" custom="readingOrder {index:3;} textStyle {offset:52; length:9;fontSize:0.0; kerning:0; letterSpaced:true;}">
                <Coords points="126,1131 1283,1131 1263,1092 126,1092"/>
                <Baseline points="133,1120 190,1121 247,1121 304,1121 361,1121 418,1122 475,1122 533,1122 590,1122 647,1122 704,1122 761,1122 818,1122 875,1122 933,1122 990,1122 1047,1122 1104,1122 1161,1122 1218,1122 1276,1121"/>
                <TextEquiv>
                    <Unicode>Grunde, zweitens hält er streng an dem Dualismus v. Oettingen's</Unicode>
                </TextEquiv>
            </TextLine>
            <TextLine id="r1l31" custom="readingOrder {index:4;}">
                <Coords points="119,1171 1278,1170 1221,1131 119,1131"/>
                <Baseline points="126,1162 183,1163 240,1164 297,1164 354,1164 412,1164 469,1165 526,1165 583,1165 640,1165 698,1165 755,1165 812,1165 869,1165 926,1164 984,1164 1041,1164 1098,1164 1155,1164 1212,1164 1270,1164"/>
                <TextEquiv>
                    <Unicode>fest und hegt optimistische Ansichten über die Zukunft desselben.</Unicode>
                </TextEquiv>
            </TextLine>
            <TextLine id="r1l32" custom="readingOrder {index:5;}">
                <Coords points="119,1211 1277,1219 1277,1183 1222,1171 119,1172"/>
                <Baseline points="126,1201 183,1202 240,1203 297,1204 354,1204 412,1204 469,1205 526,1205 583,1205 640,1205 698,1205 755,1205 812,1205 869,1205 926,1205 984,1205 1041,1205 1098,1205 1155,1205 1212,1205 1270,1205"/>
                <TextEquiv>
                    <Unicode>Für die natürliche Stimmung als Grundlage der Harmonielehre,</Unicode>
                </TextEquiv>
            </TextLine>
            <TextLine id="r1l33" custom="readingOrder {index:6;}">
                <Coords points="114,1251 1280,1249 1097,1211 114,1216"/>
                <Baseline points="121,1243 178,1244 236,1244 293,1244 351,1245 408,1245 466,1245 523,1245 581,1246 638,1246 696,1246 754,1246 811,1246 869,1246 926,1246 984,1246 1041,1246 1099,1245 1156,1245 1214,1244 1272,1244"/>
                <TextEquiv>
                    <Unicode>findet der Leser im Folgenden schwerwiegende Gründe an ver¬</Unicode>
                </TextEquiv>
            </TextLine>
            <TextLine id="r1l34" custom="readingOrder {index:7;}">
                <Coords points="115,1297 1271,1298 1271,1259 1212,1252 115,1260"/>
                <Baseline points="122,1285 179,1285 236,1285 293,1286 350,1286 407,1286 464,1287 521,1287 578,1287 635,1287 693,1287 750,1287 807,1287 864,1288 921,1288 978,1288 1035,1288 1092,1288 1149,1287 1206,1287 1264,1287"/>
                <TextEquiv>
                    <Unicode>schiedenen Orten; dass dieser Standpunct die Benützung der enhar¬</Unicode>
                </TextEquiv>
            </TextLine>
            <TextLine id="r1l35" custom="readingOrder {index:8;}">
                <Coords points="120,1339 1280,1338 1238,1299 120,1306"/>
                <Baseline points="127,1327 184,1327 241,1327 298,1327 356,1328 413,1328 470,1328 527,1328 585,1329 642,1329 699,1329 756,1329 814,1329 871,1329 928,1329 985,1329 1043,1329 1100,1329 1157,1329 1214,1329 1272,1328"/>
                <TextEquiv>
                    <Unicode>monischen Mehrdeutigkeit der in der praktischen Musik angewandten</Unicode>
                </TextEquiv>
            </TextLine>
            <TextLine id="r1l36" custom="readingOrder {index:9;}">
                <Coords points="118,1379 1282,1380 1256,1341 118,1340"/>
                <Baseline points="125,1369 182,1369 240,1369 297,1369 355,1369 412,1370 470,1370 527,1370 585,1370 642,1370 700,1370 757,1370 815,1370 872,1370 930,1370 987,1370 1045,1370 1102,1370 1160,1370 1217,1369 1275,1369"/>
                <TextEquiv>
                    <Unicode>temperirten Intervalle durchaus nicht ausschliesst, vielmehr in</Unicode>
                </TextEquiv>
            </TextLine>
            <TextLine id="r1l37" custom="readingOrder {index:10;}">
                <Coords points="119,1427 1283,1419 1283,1383 119,1388"/>
                <Baseline points="126,1409 183,1410 241,1410 298,1411 356,1411 413,1411 471,1412 528,1412 586,1412 643,1412 701,1412 758,1412 816,1412 873,1411 931,1411 988,1411 1046,1411 1103,1411 1161,1411 1218,1411 1276,1412"/>
                <TextEquiv>
                    <Unicode>gewissen Fällen sogar als Quelle eines eigenthümlichen, sonst nicht</Unicode>
                </TextEquiv>
            </TextLine>
            <TextLine id="r1l38" custom="readingOrder {index:11;}">
                <Coords points="120,1458 1287,1468 1287,1427 1220,1419 120,1428"/>
                <Baseline points="128,1450 185,1451 243,1452 300,1452 358,1453 416,1453 473,1453 531,1453 588,1453 646,1453 704,1453 761,1453 819,1453 876,1453 934,1453 992,1453 1049,1453 1107,1452 1164,1452 1222,1452 1280,1452"/>
                <TextEquiv>
                    <Unicode>zu erklärenden Reizes anerkennt, braucht wohl nicht erst besonders</Unicode>
                </TextEquiv>
            </TextLine>
            <TextLine id="r1l39" custom="readingOrder {index:12;}">
                <Coords points="123,1500 1280,1497 1231,1460 123,1460"/>
                <Baseline points="130,1492 187,1492 244,1492 301,1493 358,1493 415,1494 472,1494 529,1494 586,1495 643,1495 701,1495 758,1495 815,1495 872,1495 929,1495 986,1495 1043,1494 1100,1493 1157,1492 1214,1491 1272,1490"/>
                <TextEquiv>
                    <Unicode>hervorgehoben zu werden. Zunächst geschieht jedoch die Ver¬</Unicode>
                </TextEquiv>
            </TextLine>
            <TextLine id="r1l40" custom="readingOrder {index:13;}">
                <Coords points="119,1541 1280,1546 1280,1508 1199,1500 119,1502"/>
                <Baseline points="126,1533 183,1534 240,1534 297,1535 355,1535 412,1535 469,1535 527,1535 584,1535 641,1535 699,1535 756,1535 813,1535 870,1535 928,1535 985,1535 1042,1535 1100,1535 1157,1535 1214,1535 1272,1535"/>
                <TextEquiv>
                    <Unicode>knüpfung der Klangvorstellungen von Seiten des Hörers im Sinne</Unicode>
                </TextEquiv>
            </TextLine>
            <TextLine id="r1l41" custom="readingOrder {index:14;}">
                <Coords points="117,1587 1277,1587 1277,1555 1209,1548 117,1548"/>
                <Baseline points="124,1575 181,1576 238,1576 295,1577 353,1577 410,1577 467,1577 525,1577 582,1578 639,1578 697,1578 754,1577 811,1577 868,1577 926,1577 983,1577 1040,1577 1098,1577 1155,1576 1212,1576 1270,1576"/>
                <TextEquiv>
                    <Unicode>der natürlichen Stimmung, die auf der Identification verschiedener</Unicode>
                </TextEquiv>
            </TextLine>
            <TextLine id="r1l42" custom="readingOrder {index:15;}">
                <Coords points="127,1627 1264,1628 1279,1596 127,1587"/>
                <Baseline points="134,1617 190,1618 247,1618 304,1619 361,1619 418,1619 475,1619 532,1620 589,1620 646,1620 703,1620 759,1620 816,1620 873,1619 930,1619 987,1619 1044,1619 1101,1619 1158,1619 1215,1619 1272,1619"/>
                <TextEquiv>
                    <Unicode>durch denselben temperirten Ton vertretener Stufen beruhende</Unicode>
                </TextEquiv>
            </TextLine>
            <TextLine id="r1l43" custom="readingOrder {index:16;}">
                <Coords points="117,1670 1264,1674 1264,1635 1209,1627 117,1627"/>
                <Baseline points="125,1659 181,1660 238,1660 294,1661 351,1661 408,1661 464,1662 521,1662 577,1662 634,1662 691,1662 747,1662 804,1662 860,1662 917,1662 974,1661 1030,1661 1087,1661 1143,1661 1200,1661 1257,1661"/>
                <TextEquiv>
                    <Unicode>Umdeutung ist an und für sich berechtigt, tritt aber nur ausnahms¬</Unicode>
                </TextEquiv>
            </TextLine>
            <TextLine id="r1l44" custom="readingOrder {index:17;}">
                <Coords points="121,1715 1277,1715 1277,1676 1215,1670 121,1676"/>
                <Baseline points="129,1700 186,1701 243,1702 300,1702 357,1703 414,1703 471,1704 528,1704 585,1704 642,1704 699,1704 756,1704 813,1704 870,1704 927,1704 984,1704 1041,1704 1098,1704 1155,1704 1212,1704 1269,1705"/>
                <TextEquiv>
                    <Unicode>weise, subsidiär auf, wenn uns entweder der anderweitige, jedoch</Unicode>
                </TextEquiv>
            </TextLine>
            <TextLine id="r1l45" custom="readingOrder {index:18;}">
                <Coords points="115,1756 1276,1750 1276,1724 1119,1715 115,1723"/>
                <Baseline points="122,1743 179,1743 236,1744 293,1744 351,1745 408,1745 465,1745 523,1746 580,1746 637,1746 695,1746 752,1746 809,1746 866,1746 924,1746 981,1746 1038,1746 1096,1746 1153,1746 1210,1746 1268,1745"/>
                <TextEquiv>
                    <Unicode>abermals auf Grund natürlicher Tonverhältnisse gedeutete Zusammen¬</Unicode>
                </TextEquiv>
            </TextLine>
            <TextLine id="r1l46" custom="readingOrder {index:19;}">
                <Coords points="120,1796 1277,1795 1277,1761 1201,1756 120,1756"/>
                <Baseline points="127,1787 184,1787 241,1787 298,1787 355,1787 412,1787 469,1788 527,1788 584,1788 641,1788 698,1788 755,1788 812,1788 869,1788 927,1789 984,1789 1041,1788 1098,1788 1155,1788 1212,1788 1270,1788"/>
                <TextEquiv>
                    <Unicode>hang dazu zwingt, oder wenn die Entfernung zwischen zwei Klängen</Unicode>
                </TextEquiv>
            </TextLine>
            <TextLine id="r1l47" custom="readingOrder {index:20;}">
                <Coords points="116,1837 1276,1843 1276,1803 1153,1795 116,1800"/>
                <Baseline points="123,1828 180,1829 237,1829 294,1830 352,1830 409,1830 466,1831 523,1831 581,1831 638,1831 695,1832 752,1832 810,1832 867,1832 924,1832 981,1832 1039,1831 1096,1831 1153,1831 1210,1831 1268,1831"/>
                <TextEquiv>
                    <Unicode>eine so grosse und die Klangfolge eine so complicirte ist, dass das</Unicode>
                </TextEquiv>
            </TextLine>
            <TextEquiv>
                <Unicode>Dagegen zeigt sich zwischen uns eine doppelte principielle&#13;
Differenz: Riemann giebt erstens die natürlichen Tonverhältnisse&#13;
auf und legt seiner Theorie die gleichschwebende Temperatur zum&#13;
Grunde, zweitens hält er streng an dem Dualismus v. Oettingen's&#13;
fest und hegt optimistische Ansichten über die Zukunft desselben.&#13;
Für die natürliche Stimmung als Grundlage der Harmonielehre,&#13;
findet der Leser im Folgenden schwerwiegende Gründe an ver¬&#13;
schiedenen Orten; dass dieser Standpunct die Benützung der enhar¬&#13;
monischen Mehrdeutigkeit der in der praktischen Musik angewandten&#13;
temperirten Intervalle durchaus nicht ausschliesst, vielmehr in&#13;
gewissen Fällen sogar als Quelle eines eigenthümlichen, sonst nicht&#13;
zu erklärenden Reizes anerkennt, braucht wohl nicht erst besonders&#13;
hervorgehoben zu werden. Zunächst geschieht jedoch die Ver¬&#13;
knüpfung der Klangvorstellungen von Seiten des Hörers im Sinne&#13;
der natürlichen Stimmung, die auf der Identification verschiedener&#13;
durch denselben temperirten Ton vertretener Stufen beruhende&#13;
Umdeutung ist an und für sich berechtigt, tritt aber nur ausnahms¬&#13;
weise, subsidiär auf, wenn uns entweder der anderweitige, jedoch&#13;
abermals auf Grund natürlicher Tonverhältnisse gedeutete Zusammen¬&#13;
hang dazu zwingt, oder wenn die Entfernung zwischen zwei Klängen&#13;
eine so grosse und die Klangfolge eine so complicirte ist, dass das</Unicode>
            </TextEquiv>
        </TextRegion>
        <TextRegion orientation="0.0" type="footnote" id="TextRegion_1626023161681_60" custom="readingOrder {index:3;} structure {type:footnote;}">
            <Coords points="121,1861 1280,1861 1280,2013 121,2013"/>
            <TextLine id="r1l48" custom="readingOrder {index:0;} textStyle {offset:56; length:7;fontSize:0.0; kerning:0; letterSpaced:true;}">
                <Coords points="203,1936 1280,1947 1280,1914 1117,1900 204,1900"/>
                <Baseline points="211,1929 264,1931 317,1932 370,1933 423,1934 476,1935 529,1935 582,1936 635,1936 688,1936 742,1936 795,1936 848,1935 901,1935 954,1935 1007,1935 1060,1935 1113,1935 1166,1935 1219,1935 1273,1935"/>
                <TextEquiv>
                    <Unicode>*) Nur gegen die kleine Terz (grosse Sexte) scheint bei Riemann</Unicode>
                </TextEquiv>
            </TextLine>
            <TextLine id="r1l49" custom="readingOrder {index:1;}">
                <Coords points="117,1974 1281,1979 1253,1938 117,1948"/>
                <Baseline points="124,1966 181,1967 239,1967 296,1968 354,1968 411,1968 469,1969 526,1969 584,1969 641,1969 699,1969 756,1969 814,1970 871,1970 929,1970 986,1970 1044,1970 1101,1970 1159,1970 1216,1970 1274,1970"/>
                <TextEquiv>
                    <Unicode>noch ein Rest von Misstrauen zu bestehen, indem er („Syntaxis”, S. 19</Unicode>
                </TextEquiv>
            </TextLine>
            <TextLine id="r1l50" custom="readingOrder {index:2;}">
                <Coords points="119,2014 1102,2009 1086,1977 973,1971 120,1975"/>
                <Baseline points="126,2001 174,2001 222,2001 271,2002 319,2002 368,2002 416,2002 464,2002 513,2002 561,2002 610,2002 658,2002 706,2002 755,2002 803,2002 852,2002 900,2002 948,2002 997,2002 1045,2002 1094,2003"/>
                <TextEquiv>
                    <Unicode>dieses Intervall „eigentlich ein mittelbar verständliches” nennt.</Unicode>
                </TextEquiv>
            </TextLine>
            <TextEquiv>
                <Unicode>*) Nur gegen die kleine Terz (grosse Sexte) scheint bei Riemann&#13;
noch ein Rest von Misstrauen zu bestehen, indem er („Syntaxis”, S. 19&#13;
dieses Intervall „eigentlich ein mittelbar verständliches” nennt.</Unicode>
            </TextEquiv>
        </TextRegion>
    </Page>
</PcGts>
