1407 2241
668 63 743 108 10
202 145 1272 195 In dieser Beziehung ist allerdings unser Ohr dem Auge weit
120 193 1277 242 überlegen. Ein so complicirtes Beispiel, wie wir es soeben aus dem
117 234 1269 275 täglichen Leben auf's Gerathewohl herausgegriffen haben, wird man
119 275 1273 316 im Gebiete des Gesichtes kaum finden. Das letztere besitzt zwar
118 315 1267 360 ebenfalls das Vermögen, zusammengesetzte Eindrücke in ihre ein¬
121 357 1267 410 facheren Elemente zu zerlegen (z. B. den Glanz, das Spiegelbild,
116 403 1269 443 den Reflex, den Schatten von der Localfarbe eines Gegenstandes
117 443 1273 482 zu trennen, von der Farbe des durchsichtigen Mittels, der Licht¬
122 491 1269 532 quelle, zu abstrahiren u. s. w.), aber es geschieht dies doch nur
118 529 1270 579 innerhalb gewisser ziemlich enger Grenzen, in verhältnissmässig
119 572 1272 611 einfacheren und selteneren Fällen. Natürlich kann sowohl beim
117 611 1273 660 Auge als auch beim Ohre dieses Zerlegen der Resultirenden mehrerer
117 653 1269 701 gleichzeitiger Eindrücke nur durch die Erfahrung ermöglicht werden.
120 700 1267 747 Zu dieser Erfahrung bietet das Leben dem Ohre offenbar ungleich
120 747 1263 788 mehr Materiale, als dem Auge; denn die Zahl der gleichzeitigen
114 780 1271 826 Gehörempfindungen kennt sozusagen keine Grenze, während eine
118 825 1270 875 grössere Mehrheit von verschiedenen Farbeneindrücken doch nur
116 869 1266 908 ziemlich selten von Einem Puncte ausgeht oder auszugehen scheint.
122 908 1265 948 So kann denn auch die Fähigkeit des Ohres, complicirte Sinnes¬
116 948 1268 995 eindrücke zu zerlegen, durch anhaltende Uebung in einer Weise
115 995 1269 1036 vervollkommnet werden, welche das gewöhnliche Mass dieser
111 1035 802 1076 Fähigkeit weit hinter sich zurück lässt.
203 1076 1273 1116 Den Klang einer Flöte von jenem einer Violine oder den
107 1121 1268 1163 einer Harfe von jenem einer Orgel zu unterscheiden, wenn sie
109 1170 1268 1203 nacheinander gehört werden, macht auch dem Laien nicht die
113 1203 1273 1252 geringste Schwierigkeit. Sobald aber diese Klänge gleichzeitig
120 1243 1271 1283 und noch dazu im Unisono auftreten, wo also auch die Ver¬
113 1283 1273 1323 schiedenheit der Tonhöhe keinen Anhaltspunct mehr bietet, ist es
115 1323 1272 1365 bereits ziemlich schwer, den Antheil der einzelnen Instrumente an
113 1363 1263 1411 dem resultirenden Gesammtklange zu bestimmen und die Theil¬
115 1406 1270 1450 klänge auseinanderzuhalten, namentlich wenn es sich um ver¬
115 1456 1274 1499 wandtere Klangfarben handelt. Dazu gehört schon ein geübteres
111 1491 1264 1532 Ohr. In einem (von gleichgefärbten Stimmen ausgeführten) Accorde
117 1528 1269 1571 die einzelnen Bestandtheile desselben (die „Intervalle”) genau zu
114 1579 1270 1619 unterscheiden, gelingt wohl dem Musiker, während der Laie die
114 1616 1270 1659 Summe der gleichzeitigen Eindrücke blos als einen einzigen mehr
111 1667 1267 1700 oder minder angenehmen Klang auffasst. Darin besteht eben ein
114 1699 1263 1748 wesentlicher Vorzug des „musikalischen Gehörs”, dass es
117 1740 1267 1795 gleichzeitige Klangwahrnehmungen nicht nur auseinanderhalten,
111 1794 1269 1835 sondern auch untereinander der Höhe und Tiefe nach ebensogut
118 1828 1267 1867 vergleichen kann, wie aufeinanderfolgende. Das letztere ist natürlich
115 1867 1269 1916 viel leichter, als das erstere, der Sinn für Melodie entwickelt sich
110 1908 1266 1956 daher früher, als jener für Harmonie. Beim Anhören eines
114 1961 1266 1996 vielstimmigen Tonsatzes ist es zunächst nur unser
121 1996 1262 2035 Vermögen, den jeweiligen Gesammtklang in seine
