1407 2241
666 75 742 115 134
122 154 1272 203 gehorchen weder einer unabänderlichen, mechanischen Nothwendig¬
117 201 1278 244 keit, noch einer zügellosen Willkür, von denen erstere die Freiheit
118 243 1272 283 des Künstlers, letztere die Vernünftigkeit seines Werkes unmöglich
124 286 1275 332 machen würde, sondern es findet eine freie Auswahl innerhalb
120 327 1277 371 eines durch objectiv gegebene, zum Theile auch historisch conven¬
121 371 1281 411 tionelle ästhetische Verhältnisse begrenzten Kreises statt. Es giebt
117 419 1270 459 eine Consequenz, eine Logik im musikalischen Denken, ja sogar
121 450 1271 499 eine Art von Causalitätsverhältniss ist ihm nicht fremd: die Disso¬
118 498 1277 539 nanz mit ihrer Auflösung bildet eine entschiedene Analogie zu
119 539 1275 585 Grund und Folge im lyrischen Gedanken, zu Ursache und Wirkung
122 579 1273 626 in der dramatischen Handlung. In der That besteht also eine
122 620 1275 666 bedeutsame Verwandtschaft zwischen Musik und Poesie:
114 667 1277 714 aber nicht im Inhalte der einzelnen Vorstellungen,
116 707 1272 748 indem ja Tonempfindungen und durch Worte mittheilbare Gedanken
121 748 1273 794 ganz heterogene, mit einander nicht zu vergleichende Elemente
118 789 1276 844 sind, sondern in der gesetzmässigen, vernünftigen, und
117 832 1267 873 doch künstlerisch freien Art und Weise ihrer Ver¬
121 875 968 916 bindung zu einem organischen Ganzen.
204 939 1273 980 Freilich sind die Klangverhältnisse, wie wir sie eben im Voran¬
120 980 1273 1028 gehenden kennen gelernt haben, nicht die einzige Bedingung des
125 1028 1270 1075 Musikalisch-Schönen, auch nicht in tonaler Beziehung. Es kann
115 1068 1275 1107 ein Tonstück den stetigen harmonischen und melodischen Zusammen¬
123 1108 1271 1156 hang seiner Klänge bestens gewahrt haben und dennoch geradezu
118 1159 1274 1203 unschön sein; denn die tonale Anordnung im Grossen hängt auch
121 1195 1264 1236 von der rhythmischen Gliederung, vom architektoni
114 1234 1265 1283 schen Aufbau ab — man erinnere sich nur an die Doppel¬
120 1275 1278 1316 function der Cadenz. Diese Einflüsse können natürlich erst dann
127 1315 1279 1356 berücksichtigt werden, wenn bereits die Hauptpuncte der Rhythmik
117 1355 1267 1400 und des Formenbaues besprochen worden sind; sie wären Gegen¬
120 1396 1272 1443 stand einer angewandten Klanglehre, die man der hier
121 1444 1116 1484 vorgetragenen reinen Klanglehre zur Seite stellen könnte.
204 1499 1275 1540 Aber selbst dann, wenn allen diesen Anforderungen vollkommen
120 1539 1277 1580 Genüge gethan ist, so dass die Composition in tonaler und rhyth¬
121 1587 1279 1635 mischer Beziehung tadellos erscheint, versagen wir ihr gar oft
122 1626 1274 1674 unseren Beifall. Das Correcte kann eben auch sehr langweilig,
119 1667 1268 1708 uninteressant, alltäglich, sogar trivial, mit Einem Worte: pro¬
120 1714 1282 1756 saisch sein. Wie der Dichter, so muss auch der Musiker nach
122 1756 1271 1796 einem gewählten, vornehmen Ausdrucke seiner künstlerischen Ge¬
117 1795 1273 1836 danken trachten, indem er einerseits Tonformen, die durch allzu¬
121 1835 1269 1876 häufigen Gebrauch bereits abgenützt sind, nach Thunlichkeit ver¬
120 1876 1271 1923 meidet, andererseits wieder sich solcher, die noch ganz neu oder
123 1919 1273 1964 wenigstens noch nicht Gemeinplätze sind, befleissigt. Schliesslich
122 1954 1282 2004 kommt die Musik mit der Poesie auch darin überein, dass sie
