1407 2241
668 55 731 109 84
201 145 1287 197 Da wir hier lediglich mit den musikalischen Klängen als
109 191 1278 236 solchen zu schaffen haben, so können wir füglich unter „Vorhalts¬
112 237 1273 281 dissonanz“ auch solche Zusammenklänge begreifen, deren harmo¬
114 278 1275 325 nisches Wesen mit dem eigentlichen Vorhalte identisch ist, und die
111 323 1278 375 sich von ihm blos durch ihre metrische Stellung im Takte oder
111 359 1275 413 durch irgendwelche äusserliche Merkmale (Mangel an Vorbereitung,
114 405 1278 454 Kürze der Dauer u. s. w.), kurz durch nicht streng harmonische
113 447 1280 491 Momente unterscheiden, wie die Vorausnahme, der Vorschlag, die
113 489 1283 546 Wechselnote, der Durchgangston (bei sich gleich bleibender Harmonie)
110 533 944 581 u. s. w. Die Folge c’ds . . . 2 kann
112 789 1279 847 bei a) als Vorhalt, bei b) als Vorausnahme, bei c) als Vorschlag,
109 835 1281 882 bei d) als Wechselnote, bei e) als Durchgangston auftreten, ohne
110 878 1274 927 dass die harmonische Bedeutung und die Auflösung der Dissonanz
104 921 699 965 dadurch irgendwie alterirt würde.
197 959 1277 1006 Es erübrigen uns nur noch einige wenige Bemerkungen allge¬
110 1008 1274 1052 meiner Art. Die Vorbereitung der Dissonanz, die in der prak¬
112 1047 1279 1094 tischen Harmonielehre eine gewisse Rolle spielt, hat für uns nur
110 1089 1272 1136 eine ganz untergeordnete Bedeutung. Sie ist blos ein Hülfsmittel,
110 1132 1274 1180 um herbere Dissonanzen minder überraschend einzuführen, und
109 1170 1273 1219 unterliegt in jeder Beziehung den allgemeinen Regeln der Klang¬
109 1213 1278 1263 folge, beziehungsweise Accordverbindung. Auch ist leicht einzusehen,
102 1257 1283 1302 dass das Bedürfniss der Dissonanzvorbereitung sich nach der
104 1297 1282 1344 jeweiligen Gehörsbildung ändern muss, was die Geschichte des
102 1317 953 1383 musikalischen Geschmackes in der That bezeugt.
104 1406 1271 1463 Folge ch“. . . . 22 (wenn das c“ liegen bleibt), den Eindruck eines
110 1442 1266 1493 dissonanten dreistimmigen Accordes ch“—e? macht, dessen oberste Be¬
103 1481 1030 1527 standtheile nicht zugleich, sondern nacheinander auftreten:
113 1694 1277 1744 Das d“ bedarf der Auflösung auch nach dem Eintritte des e?; diese nachträgliche
106 1736 1268 1774 Auflösung kann, wie z. B. bei a), durch „Einschiebung von Tönen zwischen
108 1772 1278 1813 Vorhalt und Auflösung“ (S. Richter, Lehrbuch der Harmonie. 11. Aufl.
101 1797 1273 1845 Leipzig. 1875. S. 107) erklärt werden; dann ist die harmonische Bedeu¬
108 1835 1272 1873 tung dieselbe wie beim dreistimmigen Satze sub b). Alles hier Gesagte
108 1859 1267 1919 findet seine volle Anwendung auch dann, wenn man das 5“ statt nach es
109 1905 1270 1946 aufzulösen, etwa um eine grosse Terz, nach g' fallen lässt u. s. w. Die
102 1926 1277 1977 Folge 9·—R“ . . ce dagegen ist tadellos, weil hier das !“ (als con¬
104 1967 1279 2014 sonant mit g“) nicht selbstständig, sondern Bestandtheil eines G-Klanges
103 2002 1273 2054 ist, so dass wir blos die einfache Klangfolge G . . . . C haben, und keine
101 2036 426 2094 Dissonanzauflösung.
