1407 2241
669 60 737 108 94
107 149 1275 195 als es erst durch den Zusammenhang des Tonstückes, also durch
117 188 1269 236 die Klangfolge zur That wird, insofern jedoch natürlich, als
118 236 1276 275 bereits die Beschaffenheit des Accordes selbst, die Lage der Quinte
115 276 1272 315 im Basse (unter Umständen gefördert durch eine dynamische Ver¬
115 315 1033 363 stärkung dieses Tones) die Veranlassung dazu bietet.
201 356 1273 403 In Anschlusse an die Betrachtungen, die wir im § 11 über
111 403 1275 443 das Mass der Consonanz und der Verwandtschaft hinsichtlich zwei¬
113 451 1273 493 gliedriger Tonverhältnisse angestellt haben, werden wir jetzt den
115 490 1270 539 Grundsatz ansprechen können: Auch eine mehrgliedrige
110 533 1274 573 consonante Tongruppe ist, wenn wir vom Grundtone und
118 578 1267 611 seinem Einflusse auf die Klangbedeutung absehen, um so conso¬
111 612 1278 658 nanter, eine je tiefere Stelle sie als Bestandtheil
116 660 1267 699 eines vollständigen musikalischen Klanges einnimmt:
195 859 1265 900 Nicht nur diese Reihenfolge: Quartsextaccord, Dreiklang, Sext¬
114 905 1271 948 accord, sondern auch ihre aus unserem Princip leicht zu ermittelnde
114 939 1269 988 Ausdehnung auf die weiteren Lagen dieser Accorde stimmt mit
114 986 1275 1027 den Resultaten, welche Helmholtz*) anführt, und die wir bereits
108 1027 1273 1067 im § 3 mitgetheilt haben, überein. Die verschiedenen Umkehrungen
108 1067 1273 1112 und Lagen des Molldreiklanges können nur vom Standpuncte der
106 1115 1268 1155 sie bildenden Zweiklänge beurtheilt werden und weisen, dem sym¬
113 1162 1268 1203 metrischen Gegensatze zwischen Dur und Moll entsprechend, die
111 1195 1268 1235 umgekehrte Reihenfolge auf: der Sextaccord erscheint als die
112 1236 1267 1284 günstigste, der Quartsextaccord als die ungünstigste Umkehrung in
109 1274 357 1325 enger Lage
200 1315 1272 1359 In jedem musikalischen Klange sind ferner die weiteren
114 1357 1262 1404 Intervalle in der Tiefe, die engeren in der Höhe.
111 1403 1266 1444 Dieselbe Anordnung bevorzugen die praktischen Musiker längst
106 1441 1263 1483 auch bei Accorden. Das Verdoppeln der Dreiklangsbestand¬
112 1484 1260 1523 theile durch Octaven geschicht zwar in allen Lagen, am regel¬
111 1530 1262 1567 mässigsten jedoch im Bass: man erinnere sich an die Octaven der
195 1601 594 1646 *) A. a. O. S. 337, 344 fl.
181 1636 1266 1684 **) Da Helmholtz bezüglich der weiteren Lagen der Mollaccorde
106 1675 1263 1709 blos auf die mehr oder weniger störenden harmoniefremden Combinations¬
108 1710 1260 1746 töne Rücksicht nimmt, so ist seine Mollreihe allerdings nicht das genaue
109 1742 1267 1780 Gegenbild der Durreihe. Es wurde schon in der Anmerkung auf S. 42
106 1775 1257 1812 darauf hingewiesen, dass die Combinationstöne ein viel zu sehr schwanken¬
106 1811 1261 1850 des Phänomen sind, um die Grundlage allgemeiner harmonischer Regeln
104 1843 1261 1883 abgeben zu können; sie bewirken nur eine Rauhigkeit des sinnlichen Ein¬
108 1877 1259 1923 druckes, wenn gewisse Accorde auf Instrumenten zu Gehör gebracht
113 1912 1262 1952 werden, die der Entstehung von Combinationstönen ganz besonders günstig
103 1946 1265 1979 sind, z. B. auf mehrstimmigen Pfeifeninstrumenten mit gemeinschaftlichem
119 1979 1263 2019 Windkasten. Vgl. v. Oettingen a. a. O. S. 55 Anm., wo die Symmetrie
103 2007 1265 2052 des dualen Systems auch in dieser Beziehung consequent durchgeführt ist.
