1407 2241
690 65 746 107 13
133 144 1300 196 farbe im Gebiete der Musik in nichts Anderem ihren Grund
143 194 1298 235 hat, als in der verschieden vertheilten dynamischen Geltung
143 235 1296 283 der an und für sich gleichgefärbten Elemente einer bestimmten
147 283 1297 323 Tonmasse, bestätigt also praktisch die Theorien Fourier's und
138 323 1297 364 Ohm's. Zugleich aber können wir nun auch das als nachgewiesen
138 364 1299 404 betrachten, dass alles Zusammensetzen und alles Zerlegen
145 405 1291 459 der musikalischen Klänge ein psychischer Vorgang
137 451 1296 492 ist, dass sich die Thätigkeit der Gehörnerven hierbei auf die
140 492 1288 532 Uebermittlung der einzelnen den einfachen Schwingungen ent¬
142 537 1296 579 sprechenden Reize an die Seele beschränkt, welche dieselben dann
141 581 1290 619 erst, d. h. bereits als Tonempfindungen, willkührlich oder unwill¬
140 619 1286 659 kührlich, bewusst oder unbewusst, je nach Umständen zusammen¬
139 659 1287 700 fasst oder die Zusammengesetzten wieder zerlegt. Mit anderen
146 700 1296 747 Worten: Die Resultirende mehrerer gleichzeitiger Toneindrücke
135 747 1291 794 setzt sich erst innerhalb der Seele, also aus psychischen, nicht
138 792 1284 827 aber bereits innerhalb des Nerven aus physischen Componenten zu¬
138 835 278 876 sammen.
226 867 1292 915 Wenn wir schliesslich die Reihe der in den musikalischen
137 916 1285 955 Klängen mehr oder minder vollständig enthaltenen Theiltöne über¬
136 955 1293 1004 schauen und zugleich ihre Abstände oder Intervalle berücksichtigen,
137 995 1283 1043 so sehen wir sogleich ein, warum man sie auch die „harmoni¬
134 1037 612 1083 schen” Partialtöne nennt:
135 1368 1295 1420 Dieses Schema bedarf keiner weiteren Erläuterung. So viel zeigt
131 1416 1293 1451 sich gleich auf den ersten Blick, dass die Existenz dieser Theiltöne
136 1451 1295 1499 für die Theorie der Musik, ganz abgesehen von der Klangfarbe,
136 1498 1286 1531 auch hinsichtlich der harmonischen Grundverhältnisse von
138 1532 1294 1572 Wichtigkeit sein dürfte. Doch bevor wir zur Erörterung dieser
128 1571 1287 1620 Frage übergehen, müssen wir noch einiger physikalischer und phy¬
137 1618 1291 1659 siologischer Puncte Erwähnung thun, die eine nicht unbedeutende
137 1656 889 1700 Rolle in der musikalischen Theorie spielen.
224 1770 1289 1811 *) Bekanntlich ist der siebente Partialton, die natürliche Septime des
135 1804 1287 1843 vierten, weder mit der von diesem letzteren aus durch Quintenschritte er¬
132 1841 1290 1892 reichten Septime (hier: b′) noch mit der kleinen Terz seiner Quinte (b}′)
135 1878 1291 1923 identisch, passt überhaupt gar nicht in unser Tonsystem. Deshalb ist sie
139 1914 905 1955 auch mittelst eines Sternchens ausgezeichnet: *b.
