1407 2241
687 60 751 107 77
136 147 1311 195 ist. Die später anzuführenden Beispiele werden dies hinlänglich
138 188 371 236 klar machen.
232 243 1313 284 Wenn wir die folgenden zwei Auflösungen der übermässigen
149 282 419 336 Quarte c′—fis′:
355 327 1108 379 die zweiseitige c′—fis{′ . . . . . h{—g′ und
346 378 1041 436 die einseitige c′—fis{′ . . . . . c′—g′,
144 435 1299 491 betrachten, so sehen wir auf den ersten Blick, dass die zweiseitige,
146 475 1307 523 die wir auch die freie (weil an keine der beiden dissonirenden
149 523 1301 564 Tonstufen gebundene) nennen können, die Auflösung einer echten
139 564 1301 612 Dissonanz repräsentirt, während die einseitige oder gebundene
146 609 1298 651 mit der Auflösung des Vorhaltes identisch ist. Dass wir indess
148 650 1298 691 den Begriff des letzteren hier etwas anders fassen müssen, als die
146 695 1307 740 praktische Zwecke verfolgende übliche Harmonielehre, ist leicht
140 732 1307 779 einzusehen. Es kommt eben darauf an, dass bei der einseitigen
143 771 1307 819 Auflösung der eine Ton sich bewege, der andere, ruhende, aber in
138 819 1303 860 seiner Klangbedeutung beharre, wozu offenbar das blosse
139 865 1303 915 „Liegenbleiben” auf einer bestimmten Stufe der Tonleiter noch
142 907 1297 947 nicht hinreicht. Jede Consonanz, in welche ein dissonirender Zu¬
145 947 1297 995 sammenklang aufgelöst wird, repräsentirt einen einheitlichen Klang;
143 987 1291 1027 dieser muss mit dem ruhenden oder gebundenen Tone der Vor¬
143 1027 1301 1076 haltsdissonanz identisch sein, wenn nicht die Auflösung eine
139 1075 1299 1116 zweiseitige werden soll. So besteht z. B. die None c—d′ aus zwei
141 1116 1306 1155 Klängen, C und D, welche nicht unmittelbar verwandt sind und
136 1161 1288 1206 daher auch nicht im Zusammenklange zu einer einheitlichen Klang¬
138 1197 1301 1251 bedeutung verschmelzen. Die einseitige Auflösung erfolgt nun,
138 1243 1299 1283 wenn z. B. die None d′ zu einer solchen Stufe fortschreitet, welche
138 1284 1297 1339 mit dem ruhenden c zusammengenommen den C-Klang repräsentirt,
134 1323 1204 1368 also zu c′ oder e{′, so dass wir folgendes Schema erhalten:
222 1378 1041 1427 Die Zweiheit der dissonirenden Klänge C + D
133 1460 863 1507 löst sich auf in den einheitlichen Klang C
219 1514 1296 1557 Das c der Dissonanz hat also seine Klangbedeutung gewahrt.
133 1555 1297 1603 Anders verhält es sich jedoch z. B. mit der Septime c—b wenn
130 1595 1294 1643 sie sich nach c—a{ auflöst, was in Folge des Liegenbleibens des
140 1640 1294 1684 Grundtones zwar das Aussehen eines Vorhaltes hat, eigentlich aber
133 1679 1297 1728 doch keine einseitige, sondern vielmehr eine zweiseitige Auflösung
133 1724 1303 1762 ist. Das Intervall c—a{ repräsentirt nämlich einen F-Klang, nicht
129 1763 1291 1808 aber einen C-Klang; das c der Dissonanz hat also seine Klang¬
139 1803 1300 1851 bedeutung nicht behalten, sondern ist im F-Klange als dessen
139 1851 1298 1891 Quintbestandtheil aufgegangen. Wir haben in diesem Falle das
128 1891 507 1939 Klangschema: $$GRAPHIC
