1407 2241
684 66 742 109 79
127 147 1299 195 folge die Dissonanz zur Consonanz geworden ist. Hierher gehören
127 195 1199 234 also folgende, unter das obige Schema fallende Auflösungen:
138 539 1303 584 Natürlich giebt es auch innerhalb der Verwandtschaft ersten Grades
138 580 1295 628 bedeutende Unterschiede. Wo blos Quintenschritte vermitteln, wie
134 623 1291 667 in den eben angeführten Beispielen, ist die Verwandtschaft die
141 668 1297 714 stärkste. Sie ist bereits viel schwächer dort, wo die Vermittlung
135 707 1297 755 durch Einen Quinten- und Einen Terzenschritt geschicht, wie z. B.
136 759 1301 803 bei C und H, wo G oder bei C und B wo Es vermittelt, noch
136 812 1291 850 schwächer dort, wo beide Klänge mit dem Vermittler nur terz¬
129 852 1295 894 verwandt sind, wie C und Gis mit E, C und Cis oder C und
131 893 1300 945 Fis mit A u. s. w. Diese Unterschiede sind aber nicht nur
134 958 1295 996 von grosser Bedeutung für den Grad der Dissonanz, sondern auch
136 995 1299 1036 für ihre harmonische Behandlung. Ueberall, wo die Terzverwandt¬
136 1039 1291 1084 schaft mit in's Spiel kommt, scheint unser Gehör andere Auf¬
135 1082 1295 1124 lösungsformen, die ein innigeres Band zwischen der Dissonanz und
134 1123 1299 1163 der folgenden Consonanz knüpfen, vorzuziehen; namentlich liebt
130 1163 1281 1211 der zweistimmige Satz ganz besonders den Vorhalt (z. B. 0•—.
166 1211 1295 1259 c’—c2 und nicht in den G-Klang) und der mehrstimmige
136 1257 1299 1296 greift sehr gerne auch zu der weiter zu beschreibenden melodischen
130 1291 311 1338 Auflösung.
218 1331 1294 1378 Sind die beiden dissonirenden Töne mittelbare Ver¬
130 1371 1300 1419 wandte zweiten Grades, so ist die auflösende Consonanz
133 1412 1301 1458 offenbar jener Klang, welchen das von den beiden Vermittlern
134 1459 1293 1507 gebildete Intervall repräsentirt. c und fis sind z. B. durch g und h
134 1513 1296 1563 verwandt; es wird also nach der übermässigen Quarte c’—fis“ am
134 1549 1295 1596 besten der G-Klang folgen: c’—fis“ .... 7—9“. Klangschema:
134 1788 1293 1825 Bei der zweiten Art der Auflösung, der melodischen, schreiten
133 1828 1296 1873 die beiden dissonirenden Klänge nicht zu einem gemeinschaftlichen
135 1868 1304 1913 Verwandten, sondern zu einem gemeinschaftlichen Nachbar
134 1908 362 1956 fort. Z. B.:
