1407 2241
437 430 1010 492 ERSTER ABSCHNTTT.
158 540 1284 612 AKUSTISCHE VORFRAGEN.
374 707 1091 756 § 1. Tonstärke und Tonhöhe.
242 764 1319 833 Die musikalischen Klänge entstehen bekanntlich durch
153 828 1303 877 periodische, d. h. innerhalb desselben Zeitraumes regelmässig wieder¬
151 875 1312 916 kehrende Schwingungen oder „Wellen” desjenigen elastischen
155 915 1313 955 Mittels, welches unser Gehörorgan umgiebt und auf diese Weise
154 957 1314 1004 dessen Verbindung mit der Aussenwelt herstellt. Dieses Mittel ist
154 996 1316 1043 mit sehr geringen Ausnahmen die atmosphärische Luft, die von
153 1044 1307 1085 irgend einer wirkenden Kraft entweder selbst, unmittelbar, oder
156 1084 1305 1123 aber erst durch Vermittelung eines anderen bereits periodisch schwin¬
154 1123 1272 1180 genden Körpers in die betreffende Bewegung versetzt sein kann.
242 1167 1306 1211 Dass die Stärke des Klanges, der an unser Ohr schlägt, von
151 1211 1311 1252 dem Grade der Verdichtung und Verdünnung der Luft, also von
153 1251 1313 1301 der Wellenhöhe oder Schwingungsweite abhängt, bedarf
153 1292 1311 1339 hier keiner weiteren Ausführung. Wo die Schwingungsweite oder
154 1331 1309 1379 Amplitude eines die Luft erregenden Körpers unmittelbar sichtbar
151 1371 1307 1420 ist, wie z. B. bei einer stark angeschlagenen, allmälig verklingenden
154 1418 1308 1460 Metallsaite oder Stimmgabel, belehrt uns darüber schon der blosse
149 1458 303 1499 Anblick.
233 1501 1305 1547 Jene eigenthümlichen Unterschiede in der qualitativen Be¬
146 1545 1311 1580 schaffenheit der musikalischen Klänge, die wir mit den Worten
154 1579 1305 1619 Höhe und Tiefe zu bezeichnen pflegen, beruhen auf Unterschieden
147 1619 1309 1666 der Zahl der in einem bestimmten Zeitraume (das allgemein an¬
150 1667 1306 1710 genommene Mass ist eine Secunde) entstehenden Wellen oder
155 1706 1311 1756 Schwingungen *), oder auch, da die Fortpflanzungsgeschwindigkeit
237 1801 1313 1843 *) Während die Akustiker in Deutschland und anderwärts Berg und
155 1835 1309 1875 Thal zusammen als Eine Welle, Verdichtung und Verdünnung als Eine
150 1873 1310 1915 Schwingung auffassen, ist es bei den Franzosen üblich dies nicht für Eine
152 1908 1304 1946 einzige, sondern (nach Analogie der Pendelschwingungen) für eine Doppel¬
156 1937 1311 1979 schwingung zu rechnen, in Folge dessen dann natürlich alle Schwin¬
157 1974 769 2019 gungszahlen doppelt so gross ausfallen.
