1407 2241
707 67 765 108 55
159 154 1310 195 wort wird mit der Zeit zum stolzen Ehrennamen (die Geusen), das
159 194 1313 236 Zeichen der grössten Schande zum Symbol der erhabensten Ideen
158 235 1307 291 (das Kreuz). Zwei oder drei Farben auf einer Fahne, Schleife
152 283 1307 332 oder Cocarde sind unzertrennlich verbunden mit der Vorstellung
154 323 1311 364 eines Staates, einer Nation. Im Gebiete der Kunst giebt es gar
157 363 1303 410 vielerlei Dinge, die wegen ihrer Gleichzeitigkeit mit einem gewissen
159 406 1307 451 Kunststile als integrirende Bestandtheile desselben betrachtet und
150 452 1305 500 unbedingt gefordert werden, obgleich sie mit ihm nur zufällig und
155 491 1306 531 äusserlich, nicht nothwendig und organisch zusammenhängen. Die
155 531 1309 579 Ornamentik des romanischen Stiles hat z. B. ihren Ursprung ganz
150 586 1301 619 anderen Quellen zu verdanken, als das eigentlich Architektonische
152 619 1310 660 desselben; allein sie wurde durch Jahrhunderte an romanischen
155 660 1305 701 Bauten angewandt, so dass sie jetzt als nur zu diesem und zu
154 699 744 747 keinem anderen Stile gehörig gilt.
231 746 1303 788 Es frägt sich nun, an welchen Klängen die harmonischen
152 788 1303 827 Partialtöne zunächst und zumeist aufgetreten sind, so dass sie
146 828 1303 874 trotz ihres- ursprünglichen qualitativen Gegensatzgrades durch oft
149 868 1295 917 genug wiederholte Verschmelzung verwandt werden konnten: Jeden¬
152 916 1303 954 falls an den Klängen des ältesten und des natürlichsten Ton¬
146 963 1300 995 werkzeuges: an den Vocallauten der menschlichen
154 995 1302 1035 Sprache. Diese sind bekanntlich ächte musikalische, d. h. von
146 1036 1303 1083 harmonischen Obertönen begleitete Klänge: namentlich ist es die
146 1083 1299 1124 angestrebte Deutlichkeit und Vernehmbarkeit, welche die Schönheit
152 1124 1302 1162 des Klanges, also seine harmonische Zusammensetzung in's rechte
152 1163 1292 1204 Licht bringt. Die Intervalle welche die Partialtöne der Vocal-
144 1203 1298 1251 laute bilden, haben sich auf die eben besprochene Weise dem
152 1251 1297 1291 Gehöre so eingeprägt, dass sie die Richtschnur abgaben nicht nur
141 1291 1298 1332 bei der Wahl der Klangfarben der verschiedenen musikalischen
147 1331 1294 1379 Instrumente, sondern auch bei der Beurtheilung der musikalischen
140 1372 1301 1418 Intervalle. Es ist also in erster Linie der Klang der
144 1414 1295 1460 menschlichen Stimme als massgebend zu denken für die
147 1459 1297 1500 Anfänge der musikalischen Gehörsbildung, und wenn man einen
142 1498 1295 1547 der modernen Naturwissenschaft geläufigen Ausdruck in Anwendung
140 1540 1291 1580 bringen will, so kann man kurz sagen: das musikalische Gehör
139 1580 1294 1618 hat seinen Grund in der Anpassung des Gehörorgans an
142 1620 1296 1659 das Stimmorgan. Die Ursache, warum die Partialtöne der
140 1659 1288 1707 Vocalklänge gerade solche Schwingungszahlen haben, die als Mul¬
138 1706 1286 1754 tipla des Grundtones aufgefasst werden können, ist eine rein physi¬
143 1743 1294 1788 kalische, akustische. Zur Erklärung des Wohlgefallens an diesen
134 1787 1292 1827 und allen ihnen ähnlichen Klängen kann man so manches Moment
137 1828 1295 1875 heranziehen — wir haben auf die Regelmässigkeit der Tonbildung
138 1876 1288 1924 und die daraus folgende Gleichmässigkeit und Reinheit des Klanges
134 1915 1292 1954 bereits hingewiesen, auch hypothetisch den Einfluss der subjectiven
143 1955 1291 1996 Untertöne angeführt. Allein man wird zugeben, dass die An¬
129 2003 1287 2051 gewöhnung an die Laute, die man selbst hervorbringt, wohl alles
