1407 2241
688 63 754 108 87
135 155 1305 195 weshalb sich die gesammten möglichen consonanten Dreiklänge
136 195 298 251 auf zwei,
287 236 1155 283 den harten oder Durdreiklang c—e{—g und
287 283 1127 331 den weichen oder Molldreiklang c—es}—g
136 329 1294 372 zurückführen lassen *). Dass aber mit diesen zwei Formen nicht
136 378 1305 419 nur die Zahl der möglichen consonanten Dreiklänge, sondern auch
134 411 1298 451 die Zahl der möglichen consonanten Accorde über¬
130 452 1295 499 haupt erschöpft ist, liegt auf der Hand; denn jedes consonante
135 492 1297 539 zweistimmige Intervall lässt sich nur auf zweifache Weise zum
128 539 499 579 Dreiklange ergänzen:
143 683 1297 730 Da nun diese Ergänzungstöne stets eine kleine oder grosse Secunde
137 723 1289 771 bilden, so können sie nie beide zugleich auftreten, wenn das vier¬
133 777 1292 819 stimmige Gebilde consonant sein soll. Consonante Vierklänge
134 811 1294 859 (Fünfklänge u. s. w.) können nur durch Verdoppelung
141 851 1040 898 von Dreiklangsbestandtheilen entstehen.
219 891 1290 939 Die eigenthümliche Symmetrie der Intervalle und der Schwin¬
133 944 1299 988 gungszahlen, die sich bei der Betrachtung der beiden Dreiklänge
134 978 305 1019 darbietet:
130 1260 1297 1306 hat in neuerer Zeit namentlich auch v. Oettingen veranlasst,
138 1299 1287 1346 beide als vollkommen „reciprok” daher auch musikalisch gleich¬
135 1340 1296 1387 berechtigt und gleichwerthig hinzustellen. Dieselbe Rolle, welche
136 1387 1296 1428 im Durdreiklange die Prime spielt, hat im Molldreiklange die
134 1427 1298 1467 Quinte inne. Jene nennt v. Oettingen die Tonica, diese die
134 1466 813 1515 Phonica. Es ist also der Dreiklang
132 1512 1299 1548 c—e{—g ein tonischer Klang über der Tonica c und wird
557 1544 872 1594 mit c+ bezeichnet,
136 1588 1303 1635 c—es}—g aber ein phonischer Klang unter der Phonica
445 1635 977 1683 g und wird mit g0 bezeichnet.
219 1675 1300 1715 Man kann nicht läugnen, dass diese Bezeichnungsweise grosse
129 1721 1298 1763 praktische Vorzüge hat; wir acceptiren sie daher, legen aber dem
217 1836 1297 1876 *) Die Formeln der Schwingungszahlen sind für den Durdreiklang:
132 1891 1296 1956 4:5:6 = $$MATH, für den Molldreiklang: $$MATH, all¬
134 1952 1309 1996 gemein (für alle Umkehrungen und Lagen): $$MATH
125 1995 697 2060 und $$MATH.
