1407 2241
695 59 756 107 89
147 148 1307 187 nachstehenden vierstimmigen Accorde in Beziehung auf ihren ab¬
138 187 571 236 schliessenden Charakter:
144 403 1303 459 und man wird eingestehen müssen, dass wir nur bei a), wo der
142 443 1303 490 Grundton c im Basse liegt, vollkommen befriedigt sind, nicht aber
146 483 1308 532 bei b), trotzdem hier die Phonica die Oberstimme inne hat und
146 531 1303 572 überdies verdoppelt ist. Wir suchen eben den Schwerpunct eines
143 570 964 617 Klanges stets in der Tiefe, nicht in der Höhe.
229 611 1306 658 Als in den Anfängen der modernen Musik die Tonsetzer sich
139 659 1306 699 scheuten, den Molldreiklang am Schlusse einer Composition zu
146 698 1305 739 bringen, thaten sie dies wohl nicht deshalb, weil ihnen derselbe zu
150 740 1300 787 wenig consonant schien — innerhalb des Tonstückes betrachteten
141 787 1245 827 sie ihn ja als eine dem Durdreiklange ebenbürtige Consonanz —
138 826 1300 873 sondern vielmehr, weil sie richtig fühlten, dass er kein reiner,
146 866 1303 914 kein ausschliesslicher Vertreter Eines Klanges ist. Die in Moll
137 916 1296 956 geschriebenen Tonstücke wurden entweder mit dem Duraccord oder
141 952 1301 995 in Vertretung desselben mit der leeren Quinte oder selbst auch
140 995 1296 1049 mit der blossen Prime (Octave) geschlossen. Dieses richtige Gefühl,
144 1036 1301 1083 von dem man sich damals leiten liess, sagte allerdings nichts
146 1083 1302 1132 weiter, als dass der Molldreiklang kein reiner, einheitlicher Klang
145 1123 1300 1164 wie der Durdreiklang sei und dass ihn am ehesten noch der tonische
140 1161 848 1205 Klang seines Grundtones ersetzen könne.
228 1203 1302 1251 Die beiden anderen Theilklänge kommen erst in zweiter und
142 1245 1299 1299 dritter Linie in Betracht. Wir können somit den Molldreiklang
139 1294 1262 1339 c—es}—g, um einen häufig vorkommenden Ausdruck zu benützen,
393 1331 929 1388 1) als getrübten C-Klang
389 1371 959 1426 2) als getrübten Es}-Klang
393 1419 1122 1474 3) als getrübten As}-Klang auffassen.
141 1467 1304 1515 Im ersten Falle ist die Terz des Stammklanges, also der schwächste
139 1507 1300 1554 Bestandtheil desselben, alterirt (e{ durch es}), im zweiten die Quinte
143 1552 1301 1619 (b} durch c), im dritten der Grundton selbst (as} durch g). Die
148 1599 532 1652 „Trübung” steigt also.
223 1643 1301 1692 Helmholtz erwähnt *) nur die beiden ersten Deutungen;
135 1690 1300 1732 allein man darf auch die dritte nicht gänzlich übersehen, wenngleich
139 1732 1300 1772 sie die entlegenste ist. v. Oettingen lässt **) die Auflösung des
142 1764 1295 1810 Molldreiklanges in seine Theilklänge nur, in soferne gelten, als er
133 1812 1300 1860 ihn für das Zusammen zweier tonischer Klänge erklärt, die um
135 1855 1298 1899 einen Quintschritt von einander abstehen, also c—es}—g=as}++es}+.
218 1962 524 2011 *) A. a. O. S. 462.
211 1995 522 2044 **) A. a. O. S. 245.
