1407 2241
639 64 743 117 116
192 150 1275 197 Der Dominantseptimenaccord gestattet übrigens noch ver¬
111 196 1275 246 schiedene andere Auflösungen, z. B. nach dem Dreiklang der
114 230 1272 287 Paralleltonart, also in unserem Falle nach es, welches mit 1 un¬
111 278 1275 333 mittelbar, mit g aber nur mittelbar (durch den Theilklang c+)
115 319 352 367 verwandt ist:
108 533 1272 595 Natürlich erscheint diese Auflösung als eine etwas ferner liegende,
103 583 1272 627 als eine Trugauflösung, da in Folge der blos mittelbaren
110 627 1277 669 Verwandtschaft zwischen gut und e“ die Klangfolge bezüglich der
108 661 1272 713 einen Hälfte der Dissonanz blos eine vorgreifende sein kann.
103 707 1259 757 In der That gewährt sie keine vollkommene, abschliessende Be¬
106 754 1276 799 friedigung, und wenn sie nicht bereits die Rückkehr von einer
113 797 1266 848 vorübergehenden Ausweichung (aus C-Dur nach A-Moll) bedeutet,
113 845 1277 895 verursacht sie entweder selbst eine solche, verlangt aber dann ein
101 891 1268 941 ganz entschiedenes Markiren der neuen Tonart, etwa durch eine
114 933 1270 975 vollständige Cadenz, oder aber gravitiren die nachfolgenden Accorde
100 972 1270 1022 so sehr zum Dreiklange ci, einerseits als dem Vermittler zwischen
102 1014 1275 1062 0“ und es, andererseits als dem normalen Auflösungsklange des
105 1056 1267 1103 Septimenaccordes, dass früher oder später eine Rückkehr erfolgen
106 1100 1262 1150 muss. Eine selbständige modulatorische Kraft haben ähnliche Auf¬
109 1139 371 1189 lösungen nicht.
192 1175 1273 1231 Ein weiteres Beispiel ist der verminderte Septimen¬
97 1217 1275 1267 accord, der ebenfalls aus zwei indirect verwandten Accordklängen
108 1264 256 1309 besteht:
97 1452 1269 1518 Die kleine Terz d’—]“ kann um so eher als unvollständiger D-Moll¬
99 1505 1266 1550 accordklang, a“, aufgefasst werden, als in ihr alle drei Theil¬
104 1544 1282 1589 klänge desselben enthalten sind: b+ als Intervall, 4 und F als
103 1584 338 1647 Einzeltöne.“)
188 1647 1269 1703 b) Die rein melodische Auflösung kommt nicht sehr
96 1694 1255 1741 häufig vor. Am ehesten trifft man den übermässigen Quint¬
98 1743 430 1785 sextaccord an:
182 1837 1218 1972 *) Die Deutung: an die gls—Id-P. 4.— — oder
99 1930 1269 2014 ist ebenfalls correct; die Auflösung wäre dann keine harmonische, sondern
101 1986 349 2047 eine gemischte.
