1407 2241
646 65 705 108 32
105 146 1255 195 Schwingungszahlen in ihrem Verhältnisse zu den Intervallen an¬
103 196 1254 244 schaulich zu machen, so dient hierzu die logarithmische Spirale:
101 236 1254 283 die Abscissenaxe xx′ bedeutet die Tonlinie, die Ordinaten ent¬
105 274 1259 328 sprechen den Schwingungszahlen, welche zu den betreffenden Inter¬
739 315 1253 371 vallen, die als Abscissen ge¬
730 363 1260 403 messen werden, gehören. Die
742 403 1260 452 beistehende Figur zeigt dies
738 443 1263 500 übersichtlich bezüglich der
736 483 1258 532 Octaven: die den einzelnen
740 531 1259 571 Ordinaten beigesetzten Zahlen
738 579 1257 619 stellen die absoluten und die
735 617 1260 660 relativen Schwingungszahlen
742 659 1259 700 des c in verschiedenen Octaven
747 699 1254 740 vor. Die Gleichung dieser
741 739 1255 788 Linie (die allerdings nichts
745 779 1260 828 Anderes als das Wachsthums¬
739 827 1260 876 gesetz der Schwingungszahlen
744 867 1258 908 verbildlicht), ist für unseren
746 907 1254 963 Fall, d. h. wenn wir das Inter¬
737 947 1263 996 vall der Octave = 1 annehmen
742 996 1252 1034 und ebenso die Schwingungs¬
742 1035 1253 1082 zahl des Ausgangstones, der
97 1075 1263 1123 sich im Mittelpunkte des Coordinatensystems befindet (hier c′), der
100 1120 1263 1163 Einheit gleichsetzen: y = 2x, daher auch x = log y, wo y die
94 1167 989 1203 relative Schwingungszahl, x das Intervall bedeutet.
