1407 2241
656 68 740 115 106
114 153 1264 204 lassen, ohne zügellose Willkür zu bedeuten. Durch die vorgrei¬
112 195 1269 242 fenden Folgen entwickelt sich ein organischer Zusammenhang, ein
117 238 1271 292 harmonisches Ineinandergreifen selbst ziemlich entlegener Klänge,
117 283 1269 323 wird ein weiterer Gesichtskreis für die modulatorische Construction
110 326 1073 379 des Tonstückes gewonnen. *) Dass die Harmoniefolgen
114 564 1273 610 typische Cadenzformeln sind, ist auf den ersten Blick zu erkennen.
473 683 888 745 § 21. Stimmführung.
190 762 1270 811 Die Verbindung zweier aufeinander folgender Dreiklänge wird
115 806 1269 852 offenbar um so inniger sein, je kleiner die melodischen Schritte
117 851 1265 891 der einzelnen Stimmen sind, durch welche sie hervorgebracht wird.
109 892 1263 931 Die „lex parsimoniae”, die wir bei der Dissonanzauflösung kennen
113 931 1264 980 gelernt haben, wird sich auch in der Folge consonanter Accorde
114 980 1265 1019 bewähren. Allerdings handelt es sich um kein Naturgesetz, son¬
111 1020 1270 1059 dern um eine Kunstregel. Der Tonsetzer wird sich nur dann in
111 1059 1272 1104 möglichst kleinen Schritten weiter bewegen, wenn er wirklich die
114 1100 1270 1148 innigste Verbindung zwischen den Accorden herstellen will. Sind
114 1147 1259 1187 die Accorde schon an und für sich, durch starke Verwandtschafts¬
116 1188 1267 1227 bande eng verknüpft, oder legt der Componist gerade kein beson¬
109 1228 1271 1274 deres Gewicht darauf, einen innigen Zusammenhang herzustellen,
115 1266 1263 1308 oder beabsichtigt er gar das gerade Gegentheil davon, eine schroffe
112 1307 1271 1355 Folge — dann verliert natürlich jene Regel ihre bindende Kraft
113 1349 253 1395 für ihn.
200 1387 1270 1435 Zunächst wird es klar sein, dass die Verbindung zwischen
113 1436 1265 1475 Accorden dann die innigste sein wird, wenn sich nicht nur die ein¬
112 1482 1263 1515 zelnen Stimmen, sondern auch die ganzen Klänge selbst in kleinsten
110 1515 1272 1554 Melodienschritten vorwärts bewegen. Mit anderen Worten: Jene
106 1555 1268 1603 am Schlusse des § 12 angeführten Grundregeln der Klangfolge
110 1604 1268 1647 gelten auch für Accorde, so dass wir neben einer harmonischen
109 1643 1266 1683 Accordfolge, die zu den nächsten Verwandten führt, auch eine
105 1683 1266 1724 melodische anerkennen müssen, die zu den nächsten Nachbar¬
107 1724 1141 1771 klängen fortschreitet. Man vergleiche z. B. die Folgen:
185 1979 1264 2018 *) Ueber die modulatorische Bedeutung der vorgreifenden Klang¬
102 2012 1169 2052 folge, vgl. Riemann: Die Hülfsmittel der Modulation. S. 30.
