1407 2241
677 68 818 119 103 —
136 155 1301 195 C—f—d führt, ein zusammengesetzter und besteht in den Fort¬
135 202 1301 243 schreitungen drang . . . . . . . C—— .. ... ——g“. Es wird also
137 243 1296 284 der Schritt er erst durch g’ vermittelt, ebenso er . . . 0
144 283 1304 330 durch ho*). Der unbefangene Hörer wird jedoch die Folge
141 330 1301 379 9+ oder ct. F als eine unmittelbar verständliche,
141 371 1301 419 keiner Vermittelung durch irgend einen in der blossen Phantasie
138 412 1003 459 eingeschobenen Mollaccord bedürftige anerkennen.
221 466 1297 516 Diese Abhängigkeit von der Tonleiter ist auch der Grund,
140 508 1301 554 warum manche Theoretiker durch weit hergeholte und gekünstelte
141 548 1300 603 Erklärungen solche Harmonienfolgen rechtfertigen zu müssen glauben,
146 594 1300 635 welche in der modernen Musik bereits ein unangefochtenes Bürger¬
141 636 1297 680 recht erlangt haben. Die bei Richard Wagner vorkommende
136 675 358 731 Accordfolge:
265 723 1146 780 er „ do b u. s. f. **)
134 783 1304 828 sucht z. B. Dr. F. P. Graf Laurenein*) in folgender Weise
139 819 1305 868 zu rechtfertigen: E-Dur hat nicht nur Cis, sondern auch E-Moll
141 867 1301 907 als verwandte Tonart zur Seite. Verwandtes darf aber sowohl mit
144 907 1294 947 einander vertauscht, als auch — sei es nun ausdrücklich oder still¬
137 945 1289 995 schweigend — für einander gesetzt werden. Ein solcher Stell¬
144 993 1294 1036 vertretungsact erlaubt uns also, nach dem E-Dur- den E-Molldrei¬
142 1034 1299 1075 klang entweder einzuschieben oder eingeschoben zu denken. In
144 1075 1304 1115 beiden Fällen ist sodann der C-Durdreiklang folgeberechtigt. Denn
145 1123 1307 1164 er fusst auf der sechsten Stufe der E-Molltonleiter. Der nun
137 1160 1300 1203 folgende G-Durdreiklang bedarf keiner Deutung. Der Umsatz von
145 1202 1305 1242 G-Dur nach G-Moll und B-Dur gründet sich endlich im Begriffe
142 1243 1297 1291 der Stellvertretungsfähigkeit mehrdeutiger Intervalle und Accorde.
142 1285 1239 1331 Die Haltbarkeit dieses Schrittes liegt — deutlicher gesprochen
135 1331 1302 1371 in der bereits durch langjährige Praxis festgestellten, seit Bach
146 1376 1294 1419 und Beethoven aber zu immer reicheren Gestaltungsweisen ent¬
134 1412 1295 1451 falteten Idee der Enharmonik.“ Dieses Beispiel zeigt unwider¬
218 1501 623 1555 *) A. a. O. S. 73, § 116.
216 1539 1298 1580 **) Z. B. im ersten Acte des „Lohengrin“, bei Elsa's Auftreten, von
141 1571 448 1620 Es-Dur ausgehend:
198 1979 1313 2009 ***) Die Harmonik der Neuzeit erläutert von Dr. F. P. Graf Lau¬
147 2013 1014 2052 renein. Gekrönte Preisschrift. Leipzig 1861. S. 34.
