1407 2241
694 66 756 107 59
145 146 1297 195 Anblasen der Blasinstrumente erhält, wie an das unfreiwillige
149 200 1304 244 „Ueberblasen” der Flöten u. s. w. Diese Thatsachen sind allerdings
149 242 1297 283 extreme Fälle; doch sind sie durch eine ununterbrochene Reihe
146 275 1298 330 von vermittelnden Erscheinungen mit den normalen Klangfarben,
150 329 1305 371 und schliesslich mit dem einfachen Tone verknüpft. Wenn wir
150 363 1299 404 den Grundton überall erkennen, mag sich die Klangfarbe noch so
150 403 1304 451 sehr ändern, so wird die allmälige Verstärkung anderer Partialtöne
151 449 1297 491 bis zu ihrem entschiedenen Uebergewicht über den Grundton ge¬
150 493 1298 530 wissermassen nur als Verrückung des Schwerpunctes
148 532 1300 578 innerhalb eines und desselben Klanges empfunden, nicht
146 583 1293 620 als Uebergang zu einem neuen Klange, mögen nun die sich hervor¬
150 619 1301 660 drängenden Partialtöne von Einer Tonquelle oder von mehreren
150 659 1302 707 herrühren. Wenn wir die Octave zugleich mit der Prime hören,
143 707 1299 756 so ist der Eindruck kein anderer, als wenn im Klange der Prime
147 748 1301 788 der zweite Partialton eine grössere Intensität erreicht hätte, als
146 787 1300 827 selbst der Grundton; ausserdem werden auch alle übrigen gerad¬
145 828 1296 873 zahligen Partialklänge der Prime verstärkt. Das Octav¬
145 871 1295 916 intervall erscheint also blos als eine Aenderung der
148 916 1299 955 Klangfarbe der Prime. Vernehmen wir eine Quinte, so
142 962 1297 1003 scheinen der zweite und der dritte Partialton eines Klanges das
147 996 1303 1042 Uebergewicht über den Grundton gewonnen zu haben, so dass sie
153 1043 1301 1083 ihn in den Hintergrund drängen. Wir haben dann z. B. den
149 1083 263 1131 Klang:
144 1164 1296 1212 in dem die eingeklammerten Partialtöne fehlen, der zweite und der
142 1210 1301 1252 dritte aber dominiren. Doch ist zu bemerken, dass die fehlenden
145 1251 1299 1293 Partialtöne zum Theil durch die Combinationstöne
138 1291 1303 1339 ersetzt werden, da bekanntlich die Differenztöne das Intervall
140 1343 1290 1380 stets zur vollen Reihe von Partialtönen ergänzen, die bis zu dem
147 1379 1291 1419 höheren der beiden primären Töne reicht (s. § 3). Wenn wir
144 1418 1289 1467 uns nun an Helmholtz's Theorie der Claviersaitenklänge *)
141 1460 1299 1508 erinnern, wo die Intensitäten der Partialtöne etwa in der Gegend
142 1498 999 1540 der grossen Octave die folgende Reihe aufweisen:
137 1625 1291 1674 also der zweite und dritte Partialton, die zusammen eine Quinte
143 1664 1287 1707 bilden, den Grundton um mehr als das Doppelte übertreffen, der
140 1707 1289 1756 ganze Klang aber dennoch als Klang des Grundtones erkannt wird,
139 1754 1287 1802 so werden wir das Wesen der Klangvertretung durch einzelne
142 1787 900 1835 Klangbestandtheile gewiss begreiflich finden.
231 1827 1289 1875 Um nun das Gesagte kurz zusammenzufassen: Jedes har¬
131 1883 1294 1916 monische Intervall repräsentirt einen Klang, der sich von allen
222 1971 1299 2007 *) Die Lehre von den Tonempfindungen. S. 128 ff. Die Tabelle der
128 2003 1049 2046 Klangzusammensetzung in verschiedenen Octaven S. 134.
