1407 2241
691 59 755 108 71
131 147 1299 195 irgendwie gerechtfertigt, „aufgelöst" werden. Wir erkennen also
142 195 1297 235 schon jetzt zwei Hauptregeln für die einfachsten Fälle der
143 235 1296 292 Klangfolge: I. Die Klänge, die aufeinander folgen,
131 283 1301 322 sind unmittelbare Verwandte; II. sie sind nächste
141 316 1304 371 Nachbarn in der Tonlinie. Wir werden später finden, dass
140 363 1292 406 sich diese Regeln durchaus nicht auf einstimmige Tonfolgen be¬
139 411 1299 447 schränken, vielmehr den beiden Polen jeglicher musikalischer Klang¬
137 447 1301 492 bewegung entsprechen: der Harmonik und der Melodik
143 489 1297 539 (im engeren Sinne). Dass von den harmonischen Tonfolgen
147 531 1295 573 bezüglich der Klangvertretung dasselbe gilt, wie von den conso¬
131 578 1304 619 nanten Intervallen, versteht sich von selbst; es werden also die
134 619 1294 668 Folgen c’c’, c’—g’ und c’—e“ den c-Klang, die Folgen C—— und
139 661 1289 708 C’—a“ den F-Klang, und c’es“ und Cas“ den as-Klang repräsentiren.
216 707 1292 746 Schliesslich ist noch zu bemerken, dass unser Gehör in der
139 742 1299 787 Deutung von Intervallen, mögen sie nun harmonisch oder
132 787 1286 836 melodisch sein, mit einer gewissen Freiheit vorgeht, die aber trotz¬
140 827 1299 882 dem an die ästhetischen Regeln gebunden erscheint, indem es
135 868 1299 916 Intervalle, welche harmonischen Tonverhältnissen nahe kommen, für
143 914 1286 963 diese selbst nimmt, so lange nicht künstlich, d. h. durch den Zu¬
130 961 1290 1004 sammenhang des Tonstückes, a priori oder a posteriori, eine andere
135 995 1286 1042 Deutung erzwungen wird. Das gilt von allen Intervallen der tem¬
137 1044 1286 1092 perirten Stimmung, ausser von der Octave, die bekanntlich allein
141 1089 1280 1138 rein bleibt. Dort, wo eine enharmonische Mehrdeutig
134 1123 1298 1171 keit vorhanden ist, verfährt unser Gehör consequent
131 1165 1285 1219 im Sinne der möglichst nahen Tonverwandtschaft.
134 1211 1285 1260 Das Intervall von acht Halbtönen, am Clavier für sich allein an¬
135 1260 1298 1299 geschlagen, wird stets den Eindruck einer kleinen Sexte, nicht den
138 1299 1284 1348 einer übermässigen Quinte machen. Man möchte das einen opti¬
135 1340 813 1379 mistischen Zug unseres Gehörs nennen.
222 1379 1279 1427 Die zunächst liegenden Deutungen der temperirten Inter
134 1420 357 1460 valle wären:
