1407 2241
662 66 722 115 50
118 155 1265 195 lage einer exacten Theorie der Musik und zweitens ent¬
118 195 1271 236 hält die temperirte Stimmung gar keine Gefahr für
123 236 1268 291 dlas eigentliche ästhetische Wesen der Tonkunst,
119 283 1279 323 indem sie ja nur den sinnlichen Wohllaut, nicht die harmonische
120 323 689 364 Bedeutung der Intervalle alterirt.
204 362 1274 411 Wenn wir nun die natürliche Stimmung bei der Auffassung
120 403 1269 451 dles Musikalisch-Schönen thatsächlich anwenden, da uns doch die
122 451 1266 491 Musik, die wir allenthalben hören, nur als seltene Ausnahme irgend
114 491 1270 539 ein reines natürliches Intervall zu bieten vermag, so frägt es sich,
121 533 1267 578 woher wir denn die natürlichen Intervalle kennen,
116 579 1272 628 wenn nicht aus den Zusammenklängen und Tonfolgen
112 617 1264 660 unserer Musik? Die Antwort ist im höchsten Grade einfach:
119 660 1265 699 wir kennen diese Intervalle aus dem einzelnen musi¬
114 699 1263 741 kalischen Klange, der sie als Intervalle seiner Par¬
113 746 1272 787 tialtöne immer in derselben Weise, immer rein, nie
120 787 1271 835 verstimmt oder temperirt, enthält. Die Octave, Quinte,
114 827 1269 872 Quarte, die Terzen und die Sexten, welche die Partialtöne bilden,
113 872 1265 924 sind natürliche Intervalle und machen sich allerdings auch bei
114 910 1274 955 der temperirten Stimmung unserer, Musikinstrumente unaufhörlich
118 955 1265 1000 geltend — aler natürlich innerhalb des einzelnen musi¬
111 995 1273 1036 kalischen Klanges, nicht als harmonische Zusammenklänge
112 1036 1256 1080 oder als melodische Schritte, somit nicht als Verhältnisse ver¬
108 1079 1262 1123 schiedener musikalischer Klänge. Deshalb schaden uns die immer¬
114 1123 1261 1164 hin sehr schwankenden Tonverhältnisse der praktischen Musik in
116 1163 1269 1204 Bezug auf den Sinn für Harmonie nicht im Mindesten; die eiserne
109 1203 1260 1242 Beharrlichkeit, mit der uns die Natur in jedem einzelnen musi¬
118 1243 1269 1289 kalischen Klange eine ganze Reihe reinster natürlicher Intervalle
111 1277 545 1332 vorführt, wiegt Alles auf.
197 1321 1269 1372 Mit diesem Gedanken haben wir durchaus kein neues Feld
106 1366 1267 1415 betreten: die hier angedeutete (später weiter auszuführende)
106 1412 1265 1451 Erklärung der harmonischen Verwandtschaft ist im Grunde genommen
111 1457 1263 1491 nichts Anderes als v. Oettingen's Princip der Tonicität.
110 1491 1267 1538 Wir werden uns überzeugen, dass wir mit diesem tonischen Princip
111 1538 1270 1587 allein vollkommen ausreichen, dass wir keine Ursache haben, es
110 1580 1264 1627 Jurch ein entsprechendes reciprokes Princip der Phonicität ergänzen
108 1620 1253 1659 zu wollen. Vor der Hand mag nur noch Einiges über das Ver¬
110 1659 1266 1699 hältniss der von uns eben dargestellten Gewöhnung unseres Gehörs
112 1700 1259 1747 an die natürlichen Harmonien der Partialtöne zum Princip der
115 1747 1266 1790 Tonicität v. Oettingen's bemerkt werden. Jene Angewöhnung
107 1788 1268 1827 ziehen wir nicht blos dort zu Rathe, wo uns die Obertöne mit
109 1828 1255 1874 ihrer Coincidenz und ihren Schwebungen im Stiche lassen, sondern
104 1875 1263 1923 identificiren sie geradezu mit dem harmonischen Princip, indem wir
108 1915 1263 1955 behaupten, dass sie sich nicht nur in Ausnahmsfällen, sondern
107 1955 1259 1996 immer und überall geltend macht, wo es Tonverhältnisse ästhetisch
104 1995 1259 2043 zu beurtheilen giebt. Sie erschöpft sogar das harmonische Princip
