1407 2241
646 59 705 107 78
99 147 1258 193 Die Auflösung c—b . . . . c—a hat offenbar, was die Klangfolge
102 193 1261 242 betrifft, dieselbe Geltung, wie die Auflösung c—b . . . . f—a{,
101 235 1259 275 die doch Niemand für eine einseitige oder Vorhaltsauflösung ansehen
106 275 1251 316 wird. Wir werden deshalb im Folgenden den Begriff des „Vor¬
105 315 1259 364 haltes” etwas einschränken müssen, sobald wir ihn mit der ein¬
105 355 1255 404 seitigen Auflösung identificiren wollen. Zum Ueberfluss mag hier
105 402 1251 443 das Schema einer doppelten Auflösung eines und desselben Inter¬
110 442 810 490 valles, der Secunde c′—d′ Platz finden:
106 755 1259 804 Nur der erste Fall ist (seiner Klangbedeutung nach) ein eigent¬
102 797 1269 852 licher Vorhalt; der zweite aber ist die freie, zweiseitige Auflösung
113 842 1260 890 einer echten Dissonanz, die nur durch das Liegenbleiben des d′,
106 891 1265 929 welches aber seine Rolle wechselt, indem es aus einem Grundtone
101 934 1208 979 zur Quinte wird, das äussere Ansehen eines Vorhaltes gewinnt.
319 1042 1059 1100 § 15. Zweiseitige oder freie Auflösung.
542 1099 840 1147 (Echte Dissonanz.)
198 1163 1261 1202 Sind die beiden dissonirenden Töne mittelbare Ver¬
110 1209 1267 1252 wandte des ersten Grades, so ist die nächstliegende
115 1243 1269 1284 harmonische Auflösung leicht zu finden: es folgt der Klang des
114 1284 1273 1332 Vermittlers. Die Auflösung ist in diesem Falle nichts Anderes,
116 1331 1270 1370 als das Auftreten des Vermittlers nach dem Zusammen¬
108 1371 1276 1412 klange zweier mittelbarer Verwandten. Die nächste
116 1417 1273 1458 mittelbare Verwandtschaft ersten Grades ist, wie wir wissen, die
114 1451 1275 1492 durch zwei Quintenschritte vermittelte, also das Verhältniss der
120 1492 1272 1539 kleinen Septime, die auch als grosse None oder grosse
115 1532 1279 1579 Secunde auftreten kann. Die Auflösung geschieht, indem beide
118 1578 1275 1620 Klänge mittels je Eines Quintenschrittes sich zu ihrem Vermittler
116 1619 394 1668 bewegen, z. B.:
117 1788 1276 1833 Selbstverständlich handelt es sich hier zunächst um die blosse
126 1828 1278 1876 Klangfolge, nicht auch schon um die Stimmführung. Die Septime
121 1875 1284 1915 c′—b′ muss z. B. in ein Intervall aufgelöst werden, welches den
120 1916 1276 1955 F-Klang vertritt also etwa nach f′—a′ oder c′—a′: dann ist allen
122 1956 1275 1996 Anforderungen, die wir an die Auflösung stellen, zur Genüge ent¬
119 1994 1274 2048 sprochen, indem unter strengster Wahrung der Regeln der Klang¬
