1407 2241
687 66 712 105 2
123 147 1274 196 des Schalles sich bei allen Tonhöhen gleich bleibt (in leicht zu
118 195 1279 236 merkender Zahl etwa 333 m. in der Secunde), somit die Wellen
124 241 1271 276 um so dichter an einander gedrängt, d. h. um so kürzer sein
127 275 1283 324 müssen, je mehr ihrer binnen derselben Zeit und auf demselben
134 316 1275 363 Wege von der Schallquelle bis an unser Ohr gelangen sollen, von
127 363 1281 404 der Wellenlänge oder Schwingungsdauer. Die höheren
125 403 1273 445 Töne haben grössere Schwingungszahlen und in Folge dessen eine
130 443 1271 491 kürzere Schwingungsdauer oder kleinere Wellenlänge, die tieferen
123 490 1270 531 Töne umgekehrt kleinere Schwingungszahlen und eine grössere Wellen¬
127 531 1279 572 länge oder Schwingungsdauer. Die (höhere) Octave macht 2mal so
131 573 1265 628 viel Schwingungen in der Secunde, als der Grundton, die Doppel¬
118 616 1279 659 octave 4mal, die Quinte $$MATH mal, die Duodecime 3mal, die Quarte
128 659 1273 708 $$MATH mal, die gr. Terz $$MATH mal so viel Schwingungen u. s. w. Dem
124 704 1279 748 entsprechen dann auch die Saiten- (d. h. Wellen-) längen, wenn
122 740 1269 787 man jene für den Grundton = 1 annimmt: Octave = ½, Doppel¬
125 790 1276 835 octave = ¼, Quinte = $$MATH, Duodecime = $$MATH, Quarte = ¾,
125 827 548 875 gr. Terz = $$MATH u. s. w.
208 868 1273 906 Durch die Kenntniss dieser Verhältnisse (von denen, bezüglich
118 906 1274 956 der Saitenlängen wenigstens, bereits die alten Griechen unterrichtet
129 961 1271 1003 waren) sind wir in den Stand gesetzt, alle beliebigen Intervalle
119 999 1270 1035 auf die einfachste Weise genau zu bestimmen, wenn uns die
122 1036 1272 1085 Schwingungszahl irgend eines Tones als Ausgangspunct gegeben ist.
117 1075 1272 1124 Dass die Wahl dieses Ausgangspunctes nur eine willkührliche, con¬
125 1124 1273 1164 ventionelle sein kann, versteht sich von selbst; sie hat auch im
130 1163 1268 1203 Verlaufe der Zeiten gar mannigfach geschwankt. Beim Stimmen
125 1204 1271 1243 der musikalischen Instrumente pflegt man bekanntlich vom einmal
113 1244 1270 1290 gestrichenen a′ auszugehen, auf welchen „Normalton” auch die
118 1288 1272 1331 gewöhnlichen Stimmgabeln abgestimmt sind. Um den ewigen
121 1323 1273 1370 Schwankungen in der Höhenbestimmung des a′ *) ein Ende zu
121 1375 1266 1411 machen, stellte im J. 1859 eine französische Commission hierfür
116 1410 1275 1450 die Zahl von 435 Schwingungen (nach französischer Zählweise:
117 1451 1267 1491 870) fest; ein Ministerialerlass verfügte dann die allgemeine Ein¬
119 1491 1267 1531 führung dieser neuen „Pariser” Stimmung in ganz Frankreich.
125 1531 1281 1571 Nach und nach ist diese Stimmung auch fast überall anderwärts
119 1580 1279 1627 angenommen worden, so dass man sie heutzutage füglich als die
123 1620 1268 1659 in der praktischen Musik herrschende ansehen kann. Allein in
125 1660 1266 1706 physikalischen und überhaupt theoretischen Schriften wird, nament¬
206 1763 1279 1807 *) In Paris stieg die Schwingungszahl des a′ seit Lully's Zeiten
116 1803 1273 1837 (1680) bis zum Ende der fünfziger Jahre von 404 auf 437,5, in der grossen
121 1828 1275 1875 Oper sogar zu 449. In Petersburg betrug sie schliesslich noch mehr: 460,
119 1869 1271 1908 in Wien fast ebensoviel. Wenn wir diese Zahl mit jener aus Lully's Zeit
124 1903 1280 1939 vergleichen, finden wir, dass es sich um einen Unterschied von mehr als
123 1938 1270 1978 einem ganzen Ton handelt. Um dieses Intervall hat sich also unsere
116 1971 1276 2010 ganze praktische Musik binnen zwei Jahrhunderten „gehoben”, um dieses
114 2003 1099 2044 Intervall gewannen die Sänger an Tiefe, verloren sie an Höhe.
