1407 2241
658 67 745 116 100
122 155 1272 203 Die durch den Druck hervorgehobenen Klänge sind die Vermittler:
116 205 1281 245 man sieht, dass 1) und 6) auf zweifache Weise mit er verwandt
115 241 1281 292 sind. Hierzu kommen noch zwei Dreiklänge, die durch Vermittlung
120 286 1276 331 nicht eines Intervalles, sondern eines Einzelklanges mit c+ mittelbar
121 329 755 371 verwandt angesehen werden können:
298 379 1110 435 9) b—des—f = 10 = 5 + des“ + gest;
279 430 1180 483 10) des — fes—as = ase = dest + fest + bbr.
201 491 1277 539 In gleicher Weise ergeben sich die antinomen mittelbaren Ver¬
118 532 1281 580 wandten des Molldreiklanges e“; es sind folgende zehn Duraccorde:
114 649 1274 692 Allerdings machen sich hier nur mehr sehr schwache verwandt¬
118 692 1274 731 schaftliche Bande geltend, wie übrigens gar nicht anders zu
118 732 1284 771 erwarten ist, da ja schon die mittelbare Verwandtschaft ersten
122 771 1270 811 Grades zwischen homonomen Klängen eine entfernte war. Der
123 812 1278 859 Vollständigkeit halber musste jedoch auch von dieser Verwandt¬
116 858 487 907 schaft die Rede sein.
351 979 1032 1035 § 20. Folgen consonanter Accorde.
201 1068 1280 1114 Die praktische Anwendung der Lehre von der Verwandtschaft
119 1109 1271 1155 der Dreiklänge betrifft zunächst die Accordfolge. Dass das gleich¬
119 1156 1275 1195 zeitige Auftreten mehrerer, wenn auch nächst verwandter conso¬
119 1195 1271 1235 nanter Dreiklänge zu Dissonanzen führt, ist leicht einzusehen.
119 1235 1272 1276 Wir können also, bevor wir die mehrstimmige Dissonanz einer
120 1275 1279 1316 näheren Besprechung unterziehen, nur von der Folge der Accorde
116 1316 223 1363 reden.
199 1372 1272 1420 Harmonisch naheliegend, daher leicht fasslich
117 1420 1282 1468 und verständlich, also auch ästhetisch befriedigend
119 1460 1278 1498 sind Folgen von unmittelbar verwandten Dreiklängen.
118 1497 1277 1538 Es ist dies nur eine natürliche Consequenz des Früheren: Die¬
114 1540 1275 1586 selben Grundsätze, welche über die ästhetischen Verhältnisse
118 1587 1267 1628 zwischen einzelnen Tönen im Zusammenklange wie in der Nach¬
119 1627 1279 1668 einanderfolge entscheiden, behalten ihre Geltung in Bezug auf die
119 1668 1275 1708 Accordfolge. Es versteht sich nun von selbst, dass der Grad der
125 1707 1280 1755 Verwandtschaft der Dreiklänge auch den Grad der Verständlichkeit
109 1755 1269 1798 ihrer Folge bedingt. Namentlich darf hier nicht übersehen werden,
121 1795 1281 1844 dass die Verwandtschaft zwischen phonischen Dreiklängen eine viel
115 1836 1270 1876 schwächere ist, als jene zwischen tonischen. Die Reihe der
115 1876 1267 1923 unmittelbaren Verwandten eines Dreiklanges, z. B. Cy oder en
115 1926 1271 1966 giebt zugleich die Reihe der unmittelbar verständlichen Harmonie¬
116 1963 244 2011 folgen:
