1407 2241
699 59 762 106 65
148 146 1302 196 wirkliche Lücke in der Reihe der nach ihrem Wohlklange geord¬
146 202 1305 235 neten Zusammenklänge und diese Lücke bestimmt dann auch die
150 235 1303 282 Grenze zwischen Consonanzen und Dissonanzen.“ Dazu kommt
137 275 1302 324 noch, dass der siebente Partialton mit seinem höheren Nachbaren
143 322 1297 364 in Schwebungen geräth und dadurch den Wohllaut des Klanges
141 363 1298 404 schädigt, weshalb man ihn aus den Klängen musikalischer Instru¬
143 402 657 457 mente am liebsten beseitigt.“
224 444 1300 492 Soweit wir uns also an das jetzt gebräuchliche Tonsystem
140 485 1299 531 halten, haben wir den siebenten Partialton, somit nicht nur die
143 531 1295 579 natürliche Septime (4: 7), sondern auch die natürliche verminderte
149 571 1298 622 Quinte (5 : 7), die engere kleine Terz (6: 7), sowie die weitere
142 624 1292 668 grosse Secunde (7: 8) zu ignoriren. Jenseits des achten Partial¬
141 660 1297 700 tones werden die Intervalle so eng, dass für sie, ganz abgesehen
141 700 1300 746 von der geringeren Intensität und der grösseren Seltenheit der
141 746 1291 788 betreffenden Partialtöne, schon wegen der Schwebungen die Ent¬
143 789 1299 836 wickelung einer gewissen verwandtschaftlichen Zusammengehörigkeit
134 827 443 877 nicht möglich ist.
225 869 1296 923 Nach allem bisher Gesagten werden wir zu der Ueberzeugung
135 900 1288 954 kommen müssen, dass für uns mit dem fünften Partialtone
139 958 1283 996 die Reihe der wesentlichen Bestandtheile eines musi
134 996 1288 1044 kalischen Klanges erschöpft ist, indem wir in diesen fünf
134 1042 1282 1084 Partialtönen und ihren Octavverdoppelungen alle consonanten Inter¬
147 1083 1291 1123 valle oder, was dasselbe sagt, alle verwandtschaftlichen Ton¬
139 1123 1293 1171 verhältnisse wiederfinden. „In der Musik zählt man nicht weiter,
135 1163 1292 1210 als bis fünf“, soll Leibnitz gesagt haben; in der That genügen
140 1212 1283 1255 ja die Primzahlen 1, 2, 3 und 5, um alle in der Musik vor¬
133 1251 1131 1292 kommenden Schwingungszahlenverhältnisse zu constituiren.
221 1291 1285 1339 Eine Eintheilung der consonanten Intervalle ist von unserem
138 1331 1284 1379 Standpuncte aus überflüssig; die absteigende Reihe der Consonanzen
139 1379 1289 1420 unterrichtet uns ebenso genau über die Grade der harmonischen
145 1418 1282 1459 Verwandtschaft wie über das Mass des sinnlichen Wohllautes, so
138 1459 1285 1499 dass zu einer Gruppenbildung mit der Bezeichnung, „absolute, voll¬
132 1499 1289 1540 kommene, unvollkommene“ u. s. w. Consonanzen keine zwingende
138 1540 1278 1581 Veranlassung vorhanden ist. Wenn wir auf die äusserliche An¬
134 1585 1280 1627 ordnung der Klangbestandtheile Rücksicht nehmen, so können wir
133 1622 1283 1667 etwa einfache oder zusammengesetzte Intervalle unterscheiden, von
133 1668 1288 1706 denen die ersten sich in der Reihe der harmonischen Obertöne
131 1714 1293 1756 zwischen zwei Nachbarn vorfinden, wie die Octave (1:2), die
137 1748 1279 1794 Quinte (2: 3), die Quarte (3: 4) und die beiden Terzen (4: 5
136 1795 1279 1836 und 5 : 6), die letzteren aber nicht von zwei unmittelbar neben¬
136 1835 1285 1874 einander stehenden, sondern nur von entfernteren Partialtönen ge¬
135 1876 1297 1916 bildet werden, wie die beiden Sexten (3: 5 und 5: 8). Dabei
135 1915 1289 1964 darf man freilich nicht meinen, dass die Auffassung der grossen
219 2004 803 2053 *) Vgl. Helmholtz a. a. O. S. 132.
