1407 2241
688 68 757 116 41
136 155 1297 202 dem Grundtone zukommt) genau berechnet und durch die nach¬
132 207 940 250 stehende Figur (p. 519) graphisch dargestellt:
126 834 1299 876 Zum Ausgangspunct ist c gewählt und vorausgesetzt worden, dass
138 867 1295 918 das Maximum der Rauhigkeit der Empfindung bei 33 Schwebungen
139 922 1298 963 in der Secunde eintritt. Je höher sich die unregelmässige Curve
137 961 1295 1003 über der Geraden xy erhebt, desto rauher ist der Zusammenklang
137 1003 1288 1043 der dem betreffenden Puncte entsprechenden (temperirten oder
130 1035 1288 1091 natürlichen) Tonstufe mit c. Das Resultat stimmt offenbar ziemlich
133 1080 1293 1133 genau mit der Erfahrung überein und Helmholtz theilt auf
139 1123 1189 1172 Grundlage dessen die Consonanzen in folgende Gruppen ein:
195 1164 1297 1212 1) Absolute Consonanzen, bei denen der Grundton des
261 1211 1292 1255 einen Klanges mit irgend einem Partialtone des anderen
257 1257 1297 1298 zusammenfällt: Octave, Duodecime, zweite Octave
266 1303 395 1340 u. s. w.
195 1336 1292 1381 2) Vollkommene Consonanzen, die in jedem Theile der
263 1372 1298 1418 Tonleiter ohne erhebliche Störung des Wohlklanges gebraucht
266 1419 963 1460 werden können: Quinte und Quarte.
194 1458 1292 1506 3) Mittlere Consonanzen, die in tieferen Lagen schon
261 1506 1296 1548 sehr merklich rauh klingen: die grosse Sexte und die
263 1542 533 1589 grosse Terz.
199 1580 1301 1626 4) Unvollkommene Consonanzen, die „meist nicht
259 1628 1296 1668 mehr selbstständig bestimmt sind, weil die sie begrenzenden
268 1666 1302 1708 Obertöne in guten Klangfarben (für die Terz oft, für die
267 1707 1301 1750 Sexte gewöhnlich) fehlen und deshalb kleine Verstimmungen
262 1755 1297 1796 dieser Intervalle nicht nothwendig Schwebungen hervor¬
261 1787 1295 1836 bringen. Sie sind noch weniger in tiefen Lagen anwendbar,
261 1828 1298 1876 als die vorigen und verdanken ihren Vorzug als Consonanzen
261 1870 1299 1923 vor manchen anderen Intervallen, die auf der Grenze
263 1915 1303 1963 zwischen Consonanzen und Dissonanzen stehen, wesentlich
269 1960 1291 2004 dem Umstande, dass sie nothwendig sind in der Accord¬
261 2002 1296 2048 bildung als Ergänzungen der grossen Sexte und Terz zur
