1407 2241
666 67 723 107 36
117 148 1269 196 haben, somit zu Consonanzen geworden sind, nie aber ein Intervall,
118 195 1271 243 das bereits einmal als consonirend allgemein anerkannt worden ist,
121 236 1271 276 wieder in die Reihe der Dissonanzen hat zurücktreten müssen.
112 275 1264 323 Den Griechen galten bekanntlich die Terzen und Sexten als Disso¬
110 321 1271 363 nanzen; in der christlichen Musik haben sich zuerst jene, dann
116 371 1280 403 auch diese Geltung zu verschaffen gewusst. Im Schlussaccord wurde
115 403 1275 451 dennoch auch späterhin der Einklang, die Octave, die leere Quinte
120 444 1275 492 dem vollen Dreiklang mit der Terz vorgezogen, die Mollterz hat
116 498 1281 539 sich sogar erst in der neuesten Periode der Musik das Recht, im
123 532 1274 571 Schlussaccorde aufzutreten, bleibend erworben. Daraus könnte man
116 571 1280 619 leicht schliessen, dass das ästhetische Urtheil über die Verhältnisse
116 619 1279 659 des harmonischen Zusammenklangs zu verschiedenen Zeiten und bei
118 666 1268 705 verschiedenen Völkern geschwankt habe, am Ende gar willkühr¬
114 700 1279 748 lichen Veränderungen ausgesetzt gewesen sei. Das Vertrauen in
113 741 1275 787 die Objectivität und Selbstständigkeit des ästhetischen Urtheils
121 787 1275 834 wäre dadurch untergraben; und wenn wir uns damit begnügten,
119 827 1264 867 die heutzutage geltenden Consonanzen einfach als solche hinzu¬
112 868 1273 923 nehmen und unsere Theorie auf dieser Grundlage weiterzubauen,
113 914 1264 955 müssten wir im vorhinein darauf verzichten, ein exactes wissen¬
109 960 1279 1002 schaftliches Resultat zu erzielen, da wir auf diesem Wege höchstens
113 995 1270 1050 praktische Kunstregeln gewinnen könnten. Wir haben uns also
114 1050 1274 1084 zunächst mit der theoretischen Frage nach den Ursachen der
117 1084 1282 1123 Consonanz und Dissonanz zu beschäftigen. Haben wir
113 1123 1275 1165 einmal die Spur dieser Ursachen gefunden, dann wird uns ihre
113 1163 1278 1207 consequente Weiterverfolgung von selbst zu dem erwünschten
115 1206 1266 1249 Resultate führen: zur Erkenntniss der ästhetischen Grundverhält¬
115 1244 1273 1298 nisse in der Musik — natürlich nur in tonaler Beziehung, da sich
112 1291 1267 1339 ja unsere gegenwärtige Aufgabe auf diesen Einen Punct be¬
110 1331 274 1371 schränkt.
194 1363 1271 1411 Dem Physiker und dem Mathematiker drängt sich besonders
113 1411 1275 1450 Eine Erscheinung auf, die viel zu interessant und viel zu auffallend
108 1452 1274 1491 ist, als dass sie ihn nicht zu verleiten suchen sollte, in ihr allein
112 1491 1276 1539 die Ursache des Wohlklanges oder Missklanges gleichzeitiger Töne
110 1546 1271 1579 zu erblicken: die mathematischen Verhältnisse der Schwin¬
106 1586 1278 1627 gungszahlen. Wir geben hier diese Verhältnisse für eine Reihe
120 1619 1278 1667 von Intervallen, indem wir uns auf den Umfang Einer Octave
117 1659 344 1706 beschränken:
