<?xml version="1.0" encoding="UTF-8" standalone="yes"?>
<PcGts xmlns="http://schema.primaresearch.org/PAGE/gts/pagecontent/2013-07-15" xmlns:xsi="http://www.w3.org/2001/XMLSchema-instance" xsi:schemaLocation="http://schema.primaresearch.org/PAGE/gts/pagecontent/2013-07-15 http://schema.primaresearch.org/PAGE/gts/pagecontent/2013-07-15/pagecontent.xsd">
    <Metadata>
        <Creator>prov=University of Rostock/Institute of Mathematics/CITlab|PLANET AI GmbH/Gundram Leifert/gundram.leifert@planet-ai.de:name=ONB_Newseye_GT_M1+(htr_id=10810)::::v=2.6.7
prov=University of Rostock/Institute of Mathematics/CITlab|PLANET AI GmbH/Tobias Gruening/tobias.gruening@planet-ai.de:name=de.uros.citlab.module.baseline2polygon.B2PSeamMultiOriented:v=2.6.7
prov=University of Rostock/Institute of Mathematics/CITlab|PLANET AI GmbH/Tobias Gruening/tobias.gruening@planet-ai.de:name=/net_tf/LA73_249_0mod360.pb:de.uros.citlab.segmentation.CITlab_LA_ML:v=2.6.6
Transkribus</Creator>
        <Created>2020-12-03T18:01:32.003+01:00</Created>
        <LastChange>2021-08-26T17:29:15.399+02:00</LastChange>
        <TranskribusMetadata docId="763762" pageId="28701904" pageNr="98" tsid="63523208" status="DONE" userId="74363" imgUrl="https://files.transkribus.eu/Get?id=HZRFGUZYCBWSKWRYDOEFGDCV&amp;fileType=view" xmlUrl="https://files.transkribus.eu/Get?id=MRSGZEIQGPMGEBXKEOYQZONF" imageId="22424982"/>
    </Metadata>
    <Page imageFilename="Hostinský1879-0098.jpg" imageWidth="1407" imageHeight="2241" type="content">
        <ReadingOrder>
            <OrderedGroup id="ro_1630573582181" caption="Regions reading order">
                <RegionRefIndexed index="0" regionRef="TextRegion_1626258674579_615"/>
                <RegionRefIndexed index="1" regionRef="TextRegion_1626258674579_614"/>
                <RegionRefIndexed index="2" regionRef="TextRegion_1626258672829_610"/>
                <RegionRefIndexed index="3" regionRef="TextRegion_1626258670157_606"/>
                <RegionRefIndexed index="4" regionRef="TextRegion_1626258667797_602"/>
            </OrderedGroup>
        </ReadingOrder>
        <TextRegion orientation="0.0" type="page-number" id="TextRegion_1626258674579_615" custom="readingOrder {index:0;} structure {type:page-number;}">
            <Coords points="113,76 1269,76 1269,127 113,127"/>
            <TextLine id="r1l1" custom="readingOrder {index:0;}">
                <Coords points="654,101 667,102 677,107 713,106 721,99 732,100 733,78 721,78 711,67 700,62 696,62 691,67 655,67"/>
                <Baseline points="661,96 693,98 725,98"/>
                <TextEquiv>
                    <Unicode>90</Unicode>
                </TextEquiv>
            </TextLine>
            <TextEquiv>
                <Unicode>90</Unicode>
            </TextEquiv>
        </TextRegion>
        <TextRegion orientation="0.0" type="paragraph" id="TextRegion_1626258674579_614" custom="readingOrder {index:1;} structure {type:paragraph;}">
            <Coords points="113,127 1269,127 1269,569 113,569"/>
            <TextLine id="r1l2" custom="readingOrder {index:0;} person_author {offset:0; length:12;ID:P0018;} textStyle {offset:3; length:9;fontSize:0.0; kerning:0; letterSpaced:true;} concept_mus {offset:31; length:14;} m_interval {offset:50; length:11; continued:true;}">
                <Coords points="115,192 1263,187 1214,147 115,156"/>
                <Baseline points="122,181 178,181 235,181 292,181 348,181 405,181 462,181 518,181 575,181 632,181 689,181 745,181 802,182 859,182 915,182 972,182 1029,182 1085,182 1142,181 1199,181 1256,181"/>
                <TextEquiv>
                    <Unicode>v. Oettingen ignorirt also die Klangbedeutung des Quintinter¬</Unicode>
                </TextEquiv>
            </TextLine>
            <TextLine id="r1l3" custom="readingOrder {index:1;} m_interval {offset:0; length:6; continued:true;}">
                <Coords points="120,234 1263,235 1224,187 120,195"/>
                <Baseline points="127,224 183,223 239,223 296,223 352,223 409,223 465,223 522,224 578,224 635,224 691,224 747,224 804,224 860,224 917,224 973,224 1030,224 1086,224 1143,224 1199,223 1256,223"/>
                <TextEquiv>
                    <Unicode>valles, das doch das wichtigste von allen ist. Allein auch diese</Unicode>
                </TextEquiv>
            </TextLine>
            <TextLine id="r1l4" custom="readingOrder {index:2;} concept_mus {offset:0; length:9;}">
                <Coords points="120,276 1269,276 1269,235 120,235"/>
                <Baseline points="127,266 183,266 240,266 297,266 354,266 410,266 467,266 524,266 581,266 637,266 694,266 751,266 808,266 864,266 921,266 978,266 1035,266 1091,266 1148,266 1205,266 1262,266"/>
                <TextEquiv>
                    <Unicode>Auflösung erscheint bei ihm nur als ausnahmsweiser Nothbehelf</Unicode>
                </TextEquiv>
            </TextLine>
            <TextLine id="r1l5" custom="readingOrder {index:3;} concept_mus {offset:23; length:11;} concept_phy {offset:23; length:11;} m_chord {offset:35; length:10;} concept_mus {offset:50; length:11;} concept_phy {offset:50; length:11;}">
                <Coords points="115,315 1271,320 1257,284 1104,276 115,276"/>
                <Baseline points="122,307 179,307 236,307 293,307 350,308 407,308 464,308 521,308 578,308 635,308 693,308 750,308 807,308 864,308 921,308 978,308 1035,308 1092,309 1149,309 1206,309 1264,310"/>
                <TextEquiv>
                    <Unicode>bei der Auffassung der consonanten Dreiklänge als Dissonanzen,</Unicode>
                </TextEquiv>
            </TextLine>
            <TextLine id="r1l6" custom="readingOrder {index:4;} textStyle {offset:38; length:7;fontSize:0.0; kerning:0; letterSpaced:true;} person_author {offset:38; length:7;ID:P0102;}">
                <Coords points="115,362 1266,364 1266,315 115,315"/>
                <Baseline points="123,352 179,352 236,351 293,351 350,350 407,350 463,350 520,350 577,350 634,350 691,351 747,351 804,351 861,351 918,351 975,351 1031,351 1088,351 1145,351 1202,351 1259,351"/>
                <TextEquiv>
                    <Unicode>(„zufällige Ansicht” würde vielleicht Herbart gesagt haben)</Unicode>
                </TextEquiv>
            </TextLine>
            <TextLine id="r1l7" custom="readingOrder {index:5;} m_chord {offset:46; length:14;}">
                <Coords points="109,412 1274,403 1243,361 109,365"/>
                <Baseline points="117,392 174,392 232,392 289,392 347,392 404,392 462,392 519,392 577,393 634,393 692,393 749,393 807,393 864,393 922,393 979,393 1037,393 1094,393 1152,393 1209,393 1267,392"/>
                <TextEquiv>
                    <Unicode>gerade so wie die entsprechende Zerlegung des Durdreiklanges in</Unicode>
                </TextEquiv>
            </TextLine>
            <TextLine id="line_1626258714790_636" custom="readingOrder {index:6;} concept_mus {offset:5; length:16;} m_chord {offset:23; length:6;} textStyle {offset:23; length:1;italic:true; fontSize:0.0; kerning:0;} textStyle {offset:25; length:1;italic:true; fontSize:0.0; kerning:0;} textStyle {offset:28; length:1;italic:true; fontSize:0.0; kerning:0;} m_chord {offset:32; length:2;} textStyle {offset:32; length:1;italic:true; fontSize:0.0; kerning:0;} textStyle {offset:33; length:1;fontSize:0.0; kerning:0; superscript:true;} m_chord {offset:37; length:3;} textStyle {offset:37; length:1;italic:true; fontSize:0.0; kerning:0;} textStyle {offset:39; length:1;fontSize:0.0; kerning:0; superscript:true;}">
                <Coords points="115,443 1107,451 1270,441 1270,409 115,412"/>
                <Baseline points="123,434 154,434 185,434 217,434 248,434 280,434 311,435 343,435 374,435 406,435 437,435 468,435 500,435 531,435 563,435 594,435 626,435 657,435 689,434 720,433 752,433 784,432 806,431 917,435 943,435 970,435 996,434 1023,434 1050,435 1076,435 1103,435 1129,436 1156,436 1183,436 1209,435 1236,435 1263,434"/>
                <TextEquiv>
                    <Unicode>zwei phonische Klänge: c—e{—g = c0 + h{0. Für gewöhnlich</Unicode>
                </TextEquiv>
            </TextLine>
            <TextLine id="r1l11" custom="readingOrder {index:7;} m_chord {offset:33; length:13;}">
                <Coords points="114,491 1275,483 1227,441 114,450"/>
                <Baseline points="121,477 178,477 235,477 293,477 350,478 407,478 465,478 522,478 579,478 637,478 694,478 751,478 809,478 866,478 923,478 981,477 1038,477 1095,477 1153,477 1210,477 1268,476"/>
                <TextEquiv>
                    <Unicode>gilt bei ihm die Regel, dass der Molldreiklang ebenso einheitlich</Unicode>
                </TextEquiv>
            </TextLine>
            <TextLine id="r1l12" custom="readingOrder {index:8;} concept_mus {offset:0; length:8;} m_chord {offset:40; length:12;}">
                <Coords points="108,539 1276,531 1253,483 108,491"/>
                <Baseline points="115,520 172,520 230,520 288,520 345,520 403,520 461,520 518,520 576,520 634,520 692,520 749,520 807,520 865,520 922,520 980,520 1038,520 1095,520 1153,520 1211,520 1269,519"/>
                <TextEquiv>
                    <Unicode>phonisch gedeutet werden müsse, wie der Durdreiklang einheitlich</Unicode>
                </TextEquiv>
            </TextLine>
            <TextLine id="r1l13" custom="readingOrder {index:9;} concept_mus {offset:0; length:7;}">
                <Coords points="119,571 241,571 242,542 234,542 224,531 208,531 195,540 184,540 174,531 167,531 153,541 119,539"/>
                <Baseline points="126,562 153,560 180,560 207,561 234,562"/>
                <TextEquiv>
                    <Unicode>tonisch.</Unicode>
                </TextEquiv>
            </TextLine>
            <TextEquiv>
                <Unicode>v. Oettingen ignorirt also die Klangbedeutung des Quintinter¬&#13;
valles, das doch das wichtigste von allen ist. Allein auch diese&#13;
Auflösung erscheint bei ihm nur als ausnahmsweiser Nothbehelf&#13;
bei der Auffassung der consonanten Dreiklänge als Dissonanzen,&#13;
(„zufällige Ansicht” würde vielleicht Herbart gesagt haben)&#13;
gerade so wie die entsprechende Zerlegung des Durdreiklanges in&#13;
zwei phonische Klänge: c—e{—g = c0 + h{0. Für gewöhnlich&#13;
gilt bei ihm die Regel, dass der Molldreiklang ebenso einheitlich&#13;
phonisch gedeutet werden müsse, wie der Durdreiklang einheitlich&#13;
tonisch.</Unicode>
            </TextEquiv>
        </TextRegion>
        <TextRegion orientation="0.0" type="paragraph" id="TextRegion_1626258672829_610" custom="readingOrder {index:2;} structure {type:paragraph;}">
            <Coords points="113,569 1269,569 1269,907 113,907"/>
            <TextLine id="r1l14" custom="readingOrder {index:0;} textStyle {offset:17; length:19;fontSize:0.0; kerning:0; letterSpaced:true;} concept_mus {offset:17; length:19;}">
                <Coords points="199,611 1267,615 1267,579 1215,572 199,572"/>
                <Baseline points="206,604 258,604 311,604 364,604 416,604 469,604 522,605 574,605 627,605 680,605 733,605 785,605 838,605 891,605 943,605 996,605 1049,605 1101,605 1154,605 1207,605 1260,605"/>
                <TextEquiv>
                    <Unicode>Uns gilt nur die tonische Auffassung als die ursprüng¬</Unicode>
                </TextEquiv>
            </TextLine>
            <TextLine id="r1l15" custom="readingOrder {index:1;} textStyle {offset:40; length:21;fontSize:0.0; kerning:0; letterSpaced:true;} m_chord {offset:50; length:11;}">
                <Coords points="110,657 1271,658 1271,619 1230,615 110,612"/>
                <Baseline points="117,646 174,646 231,646 289,646 346,646 403,646 461,647 518,647 575,647 633,647 690,647 747,647 805,647 862,647 919,647 977,647 1034,648 1091,648 1149,648 1206,648 1264,648"/>
                <TextEquiv>
                    <Unicode>liche und natürliche; folglich wird sie auch beim Mollaccorde</Unicode>
                </TextEquiv>
            </TextLine>
            <TextLine id="r1l16" custom="readingOrder {index:2;} textStyle {offset:0; length:9;fontSize:0.0; kerning:0; letterSpaced:true;} concept_mus {offset:48; length:7;}">
                <Coords points="112,699 1270,699 1242,658 112,658"/>
                <Baseline points="119,689 176,689 233,689 290,689 347,689 404,689 461,689 519,689 576,689 633,689 690,689 747,689 804,690 861,690 919,690 976,690 1033,690 1090,690 1147,690 1204,690 1262,690"/>
                <TextEquiv>
                    <Unicode>die Regel sein. Nur auf diese Weise kann es der Theorie</Unicode>
                </TextEquiv>
            </TextLine>
            <TextLine id="r1l17" custom="readingOrder {index:3;} m_tonality {offset:59; length:3;}">
                <Coords points="116,747 1271,739 1271,706 116,708"/>
                <Baseline points="124,732 181,732 238,731 295,731 352,731 409,731 466,731 523,731 580,731 637,732 694,732 751,732 808,732 865,732 922,732 979,732 1036,732 1093,732 1150,732 1207,732 1264,732"/>
                <TextEquiv>
                    <Unicode>gelingen, einen innigen, organischen Zusammenhang zwischen Dur</Unicode>
                </TextEquiv>
            </TextLine>
            <TextLine id="r1l18" custom="readingOrder {index:4;} m_tonality {offset:4; length:4;} concept_mus {offset:46; length:6;}">
                <Coords points="110,784 1114,794 1269,787 1270,754 110,748"/>
                <Baseline points="118,773 175,773 232,773 289,773 346,773 404,773 461,773 518,773 575,773 632,773 690,774 747,774 804,774 861,774 918,774 976,774 1033,774 1090,774 1147,774 1204,774 1262,774"/>
                <TextEquiv>
                    <Unicode>und Moll zu finden, wie ihn die künstlerische Praxis längst kennt.</Unicode>
                </TextEquiv>
            </TextLine>
            <TextLine id="r1l19" custom="readingOrder {index:5;} concept_mus {offset:4; length:20;}">
                <Coords points="111,827 1271,835 1271,802 1176,780 112,784"/>
                <Baseline points="118,815 175,815 232,816 289,816 347,816 404,816 461,816 519,816 576,816 633,816 691,816 748,816 805,816 862,816 920,816 977,816 1034,817 1092,817 1149,817 1206,817 1264,818"/>
                <TextEquiv>
                    <Unicode>Die phonische Auffassung dagegen ist eine künstliche, eine fictive,</Unicode>
                </TextEquiv>
            </TextLine>
            <TextLine id="r1l20" custom="readingOrder {index:6;} concept_mus {offset:16; length:14;} concept_mus {offset:55; length:9;}">
                <Coords points="109,864 1270,868 1270,836 1198,827 109,833"/>
                <Baseline points="117,857 174,857 231,857 288,857 346,857 403,858 460,858 518,858 575,858 632,858 690,858 747,858 804,858 861,858 919,859 976,859 1033,859 1091,859 1148,859 1205,859 1263,860"/>
                <TextEquiv>
                    <Unicode>wie ja auch der tonische Klang allein ein reeller, der phonische</Unicode>
                </TextEquiv>
            </TextLine>
            <TextLine id="line_1626258723383_661" custom="readingOrder {index:7;}">
                <Coords points="111,906 197,897 358,916 523,903 555,915 554,863 462,876 279,868 264,881 237,867 111,873"/>
                <Baseline points="118,900 150,900 182,900 213,900 238,899 264,899 290,899 316,899 341,900 367,900 393,900 419,900 444,899 470,899 496,899 522,898 548,897"/>
                <TextEquiv>
                    <Unicode>aber ein imaginärer ist *).</Unicode>
                </TextEquiv>
            </TextLine>
            <TextEquiv>
                <Unicode>Uns gilt nur die tonische Auffassung als die ursprüng¬&#13;
liche und natürliche; folglich wird sie auch beim Mollaccorde&#13;
die Regel sein. Nur auf diese Weise kann es der Theorie&#13;
gelingen, einen innigen, organischen Zusammenhang zwischen Dur&#13;
und Moll zu finden, wie ihn die künstlerische Praxis längst kennt.&#13;
Die phonische Auffassung dagegen ist eine künstliche, eine fictive,&#13;
wie ja auch der tonische Klang allein ein reeller, der phonische&#13;
aber ein imaginärer ist *).</Unicode>
            </TextEquiv>
        </TextRegion>
        <TextRegion orientation="0.0" id="TextRegion_1626258670157_606" custom="readingOrder {index:3;} structure {type:paragraph-continued;}">
            <Coords points="113,907 1269,907 1269,995 113,995"/>
            <TextLine id="r1l23" custom="readingOrder {index:0;} concept_mus {offset:39; length:16;}">
                <Coords points="198,955 1268,955 1253,907 198,907"/>
                <Baseline points="205,940 257,941 310,942 363,942 416,942 468,943 521,943 574,943 627,943 679,943 732,943 785,943 838,943 890,943 943,943 996,943 1049,943 1101,944 1154,944 1207,945 1260,946"/>
                <TextEquiv>
                    <Unicode>Wenn wir nun trotzdem die Bezeichnung „phonischer Klang”,</Unicode>
                </TextEquiv>
            </TextLine>
            <TextEquiv>
                <Unicode>Wenn wir nun trotzdem die Bezeichnung „phonischer Klang”,</Unicode>
            </TextEquiv>
        </TextRegion>
        <TextRegion orientation="0.0" type="footnote" id="TextRegion_1626258667797_602" custom="readingOrder {index:4;} structure {type:footnote;}">
            <Coords points="113,995 1269,995 1269,2046 113,2046"/>
            <TextLine id="line_1626258731841_690" custom="readingOrder {index:0;}">
                <Coords points="195,1067 1254,1075 1273,1038 195,1034"/>
                <Baseline points="203,1059 245,1061 288,1062 331,1063 373,1064 416,1064 459,1064 501,1064 544,1064 587,1064 630,1064 672,1064 715,1063 758,1063 800,1063 843,1063 886,1063 928,1063 971,1063 1014,1064 1057,1064 1104,1064 1130,1063 1157,1063 1184,1064 1211,1064 1238,1063 1265,1061"/>
                <TextEquiv>
                    <Unicode>*) Der Umstand, dass die Geschichte unserer Kunst keine voll¬</Unicode>
                </TextEquiv>
            </TextLine>
            <TextLine id="line_1626258734755_698" custom="readingOrder {index:1;} m_tonality {offset:25; length:3;} m_tonality {offset:33; length:4;}">
                <Coords points="111,1103 1198,1115 1273,1106 1274,1074 111,1069"/>
                <Baseline points="119,1096 166,1096 213,1097 261,1097 308,1097 356,1097 403,1098 450,1098 498,1098 545,1098 593,1098 640,1098 687,1098 735,1098 782,1098 830,1098 877,1098 924,1098 972,1098 1019,1098 1067,1098 1098,1098 1126,1098 1154,1098 1182,1098 1210,1098 1238,1098 1266,1098"/>
                <TextEquiv>
                    <Unicode>kommene Parität zwischen Dur und Moll kennt, seitdem das Princip der</Unicode>
                </TextEquiv>
            </TextLine>
            <TextLine id="r1l28" custom="readingOrder {index:2;} concept_mus {offset:0; length:15;} m_chord {offset:22; length:7;}">
                <Coords points="108,1138 1267,1136 1267,1107 1160,1102 108,1103"/>
                <Baseline points="115,1131 172,1131 229,1131 286,1131 344,1131 401,1131 458,1132 515,1132 573,1132 630,1132 687,1132 744,1132 802,1132 859,1132 916,1132 973,1132 1031,1132 1088,1132 1145,1132 1202,1131 1260,1131"/>
                <TextEquiv>
                    <Unicode>Klangvertretung durch Accorde das herrschende geworden, spricht ent¬</Unicode>
                </TextEquiv>
            </TextLine>
            <TextLine id="r1l29" custom="readingOrder {index:3;} textStyle {offset:29; length:22;fontSize:0.0; kerning:0; letterSpaced:true;} concept_phy {offset:29; length:22;}">
                <Coords points="108,1171 1267,1178 1267,1145 1200,1132 108,1139"/>
                <Baseline points="116,1163 173,1164 230,1164 287,1165 344,1165 402,1165 459,1166 516,1166 573,1166 630,1166 688,1166 745,1166 802,1166 859,1166 916,1166 974,1166 1031,1166 1088,1166 1145,1166 1202,1165 1260,1165"/>
                <TextEquiv>
                    <Unicode>schieden dagegen, als ob die harmonischen Untertöne, von denen</Unicode>
                </TextEquiv>
            </TextLine>
            <TextLine id="r1l30" custom="readingOrder {index:4;} concept_mus {offset:61; length:6; continued:true;}">
                <Coords points="115,1204 1264,1211 1264,1179 1200,1172 115,1171"/>
                <Baseline points="122,1196 178,1197 235,1197 292,1198 348,1198 405,1199 462,1199 518,1199 575,1199 632,1200 689,1200 745,1200 802,1200 859,1200 915,1200 972,1200 1029,1199 1085,1199 1142,1199 1199,1199 1256,1199"/>
                <TextEquiv>
                    <Unicode>bereits im § 6 die Rede war, den geringsten Einfluss auf die Klang¬</Unicode>
                </TextEquiv>
            </TextLine>
            <TextLine id="r1l31" custom="readingOrder {index:5;} concept_mus {offset:0; length:9; continued:true;} m_chord {offset:14; length:7;} concept_mus {offset:53; length:13;}">
                <Coords points="113,1242 1268,1243 1268,1211 1178,1204 113,1204"/>
                <Baseline points="120,1228 177,1229 234,1230 291,1231 348,1231 405,1231 462,1232 519,1232 576,1232 633,1232 690,1232 747,1232 804,1231 861,1231 918,1231 975,1231 1032,1231 1089,1231 1146,1231 1203,1232 1261,1232"/>
                <TextEquiv>
                    <Unicode>bedeutung der Accorde nähmen. Seitdem unser modernes duales System</Unicode>
                </TextEquiv>
            </TextLine>
            <TextLine id="r1l32" custom="readingOrder {index:6;} m_tonality {offset:47; length:13;}">
                <Coords points="106,1269 1267,1274 1231,1236 106,1243"/>
                <Baseline points="114,1262 171,1262 228,1263 285,1264 343,1264 400,1264 457,1264 515,1264 572,1264 629,1264 687,1264 744,1264 801,1264 858,1264 916,1264 973,1264 1030,1264 1088,1264 1145,1265 1202,1265 1260,1265"/>
                <TextEquiv>
                    <Unicode>sich zu entwickeln begonnen hat, behauptet das Durgeschlecht, also das</Unicode>
                </TextEquiv>
            </TextLine>
            <TextLine id="r1l33" custom="readingOrder {index:7;} concept_mus {offset:12; length:9;} m_tonality {offset:63; length:5; continued:true;}">
                <Coords points="108,1307 1259,1307 1259,1271 1213,1268 108,1269"/>
                <Baseline points="115,1294 171,1295 228,1296 285,1296 342,1297 399,1297 456,1297 512,1297 569,1297 626,1297 683,1297 740,1297 797,1297 854,1297 910,1297 967,1297 1024,1297 1081,1298 1138,1298 1195,1299 1252,1299"/>
                <TextEquiv>
                    <Unicode>Princip der Tonalität, immer ein solches Uebergewicht über das Moll¬</Unicode>
                </TextEquiv>
            </TextLine>
            <TextLine id="r1l34" custom="readingOrder {index:8;} m_tonality {offset:0; length:10; continued:true;} concept_mus {offset:33; length:10;} m_tonality {offset:57; length:4;}">
                <Coords points="106,1344 1268,1337 1222,1302 106,1307"/>
                <Baseline points="113,1329 170,1329 227,1330 285,1330 342,1330 400,1330 457,1330 514,1330 572,1330 629,1330 687,1330 744,1330 801,1330 859,1330 916,1330 974,1330 1031,1330 1088,1330 1146,1329 1203,1329 1261,1329"/>
                <TextEquiv>
                    <Unicode>geschlecht, also das Princip der Phonalität, dass unser „Moll” in der That</Unicode>
                </TextEquiv>
            </TextLine>
            <TextLine id="r1l35" custom="readingOrder {index:9;} concept_mus {offset:54; length:17;}">
                <Coords points="109,1369 1173,1377 1261,1369 1261,1341 109,1344"/>
                <Baseline points="116,1361 172,1362 229,1362 286,1363 343,1363 400,1363 457,1363 514,1363 571,1364 628,1364 685,1364 741,1363 798,1363 855,1363 912,1363 969,1363 1026,1363 1083,1363 1140,1363 1197,1363 1254,1363"/>
                <TextEquiv>
                    <Unicode>nichts weniger ist, als ein consequent durchgeführtes phonisches System.</Unicode>
                </TextEquiv>
            </TextLine>
            <TextLine id="r1l36" custom="readingOrder {index:10;} concept_mus {offset:29; length:9;} m_tonality {offset:39; length:10;} concept_mus {offset:59; length:10; continued:true;}">
                <Coords points="106,1402 1263,1402 1263,1370 1139,1365 106,1369"/>
                <Baseline points="113,1394 170,1394 227,1395 284,1395 341,1395 398,1395 455,1396 513,1396 570,1396 627,1396 684,1396 741,1396 798,1396 855,1396 913,1396 970,1396 1027,1396 1084,1396 1141,1396 1198,1396 1256,1396"/>
                <TextEquiv>
                    <Unicode>Es steht vielmehr dem reinen tonischen Dursysteme als ein „halbphoni¬</Unicode>
                </TextEquiv>
            </TextLine>
            <TextLine id="r1l37" custom="readingOrder {index:11;} concept_mus {offset:0; length:5; continued:true;} person_author {offset:14; length:12;ID:P0018;} textStyle {offset:17; length:9;fontSize:0.0; kerning:0; letterSpaced:true;}">
                <Coords points="111,1434 1174,1443 1265,1434 1265,1401 111,1404"/>
                <Baseline points="118,1425 175,1426 232,1427 289,1427 346,1428 403,1428 460,1429 517,1429 574,1429 631,1429 688,1430 745,1430 802,1430 859,1430 916,1430 973,1430 1030,1430 1087,1429 1144,1429 1201,1429 1258,1429"/>
                <TextEquiv>
                    <Unicode>sches” wie es v. Oettingen richtig bezeichnet, gegenüber, wobei jedoch</Unicode>
                </TextEquiv>
            </TextLine>
            <TextLine id="r1l38" custom="readingOrder {index:12;} concept_mus {offset:38; length:9;} m_tonality {offset:49; length:4;} m_interval {offset:58; length:13;}">
                <Coords points="111,1476 1274,1474 1255,1435 111,1441"/>
                <Baseline points="118,1460 175,1461 232,1461 290,1461 347,1462 405,1462 462,1462 519,1462 577,1462 634,1462 692,1462 749,1462 806,1462 864,1462 921,1462 979,1462 1036,1462 1093,1462 1151,1462 1208,1462 1266,1462"/>
                <TextEquiv>
                    <Unicode>zu bemerken ist, dass weder das reine phonische (Moll mit kleiner Sexte</Unicode>
                </TextEquiv>
            </TextLine>
            <TextLine id="r1l39" custom="readingOrder {index:13;} m_interval {offset:4; length:7;} concept_mus {offset:23; length:12;} m_tonality {offset:37; length:6;} m_tonality {offset:45; length:3;} m_interval {offset:53; length:13;}">
                <Coords points="112,1502 1271,1508 1271,1476 1185,1464 112,1476"/>
                <Baseline points="119,1494 176,1495 233,1495 290,1495 348,1496 405,1496 462,1496 519,1496 577,1496 634,1495 691,1495 748,1495 806,1495 863,1495 920,1495 977,1495 1035,1495 1092,1495 1149,1496 1206,1496 1264,1497"/>
                <TextEquiv>
                    <Unicode>und Septime) noch das „halbtonische” System (Dur mit kleiner Sexte,</Unicode>
                </TextEquiv>
            </TextLine>
            <TextLine id="r1l40" custom="readingOrder {index:14;} person_author {offset:0; length:11;ID:P0007;} textStyle {offset:0; length:9;fontSize:0.0; kerning:0; letterSpaced:true;} m_tonality {offset:13; length:8;}">
                <Coords points="117,1535 1273,1539 1273,1507 1172,1499 117,1502"/>
                <Baseline points="124,1527 181,1527 238,1528 295,1528 352,1528 409,1529 466,1529 523,1529 580,1529 637,1529 695,1529 752,1529 809,1529 866,1529 923,1529 980,1528 1037,1528 1094,1528 1151,1528 1208,1528 1266,1527"/>
                <TextEquiv>
                    <Unicode>Hauptmann's „Moll-Dur”) eine solche Geltung sich zu verschaffen im</Unicode>
                </TextEquiv>
            </TextLine>
            <TextLine id="r1l41" custom="readingOrder {index:15;} m_tonality {offset:24; length:3;} m_tonality {offset:32; length:4;}">
                <Coords points="118,1568 1267,1571 1267,1539 1111,1532 118,1535"/>
                <Baseline points="125,1560 181,1560 238,1561 295,1561 352,1561 408,1562 465,1562 522,1562 579,1562 635,1562 692,1562 749,1562 806,1562 862,1562 919,1561 976,1561 1033,1561 1089,1561 1146,1561 1203,1561 1260,1561"/>
                <TextEquiv>
                    <Unicode>Stande waren, wie unser Dur und Moll. Es hätte aber eine vollkommene</Unicode>
                </TextEquiv>
            </TextLine>
            <TextLine id="r1l42" custom="readingOrder {index:16;} concept_mus {offset:39; length:7;} concept_mus {offset:55; length:8;}">
                <Coords points="108,1601 1273,1603 1273,1571 1139,1566 108,1568"/>
                <Baseline points="115,1594 172,1594 230,1595 287,1595 345,1595 402,1596 460,1596 517,1596 575,1596 632,1596 690,1596 748,1596 805,1595 863,1595 920,1595 978,1595 1035,1595 1093,1595 1150,1595 1208,1595 1266,1595"/>
                <TextEquiv>
                    <Unicode>Reciprocität und Gleichwerthigkeit des tonalen und des phonalen Elementes</Unicode>
                </TextEquiv>
            </TextLine>
            <TextLine id="r1l43" custom="readingOrder {index:17;} concept_phy {offset:31; length:22;}">
                <Coords points="118,1636 1270,1642 1270,1609 1208,1601 118,1601"/>
                <Baseline points="125,1628 181,1629 238,1629 295,1629 352,1629 409,1630 466,1630 522,1630 579,1630 636,1630 693,1630 750,1629 807,1629 864,1629 920,1629 977,1629 1034,1629 1091,1629 1148,1629 1205,1629 1262,1628"/>
                <TextEquiv>
                    <Unicode>Platz greifen müssen, wenn die harmonischen Untertöne nicht blos existiren,</Unicode>
                </TextEquiv>
            </TextLine>
            <TextLine id="r1l44" custom="readingOrder {index:18;} concept_mus {offset:17; length:14;} concept_mus {offset:32; length:20;}">
                <Coords points="107,1669 1269,1674 1241,1635 107,1639"/>
                <Baseline points="115,1660 172,1661 229,1662 287,1663 344,1663 401,1664 459,1664 516,1664 573,1664 631,1664 688,1664 745,1664 803,1663 860,1663 917,1663 975,1663 1032,1662 1089,1662 1147,1662 1204,1662 1262,1662"/>
                <TextEquiv>
                    <Unicode>sondern auch die Klangbedeutung harmonischer Gebilde in der Weise</Unicode>
                </TextEquiv>
            </TextLine>
            <TextLine id="r1l45" custom="readingOrder {index:19;} person_author {offset:25; length:10;ID:P0017;} textStyle {offset:28; length:7;fontSize:0.0; kerning:0; letterSpaced:true;}">
                <Coords points="115,1708 1272,1706 1272,1675 1212,1666 115,1671"/>
                <Baseline points="122,1693 179,1694 236,1695 293,1696 350,1696 407,1697 464,1697 521,1697 578,1697 635,1697 693,1697 750,1697 807,1697 864,1697 921,1697 978,1697 1035,1696 1092,1696 1149,1696 1206,1696 1264,1696"/>
                <TextEquiv>
                    <Unicode>beeinflussen würden, wie H. Riemann in den bereits citirten Schriften</Unicode>
                </TextEquiv>
            </TextLine>
            <TextLine id="r1l46" custom="readingOrder {index:20;}">
                <Coords points="111,1740 1273,1746 1273,1707 1201,1702 111,1708"/>
                <Baseline points="118,1730 175,1731 232,1731 290,1731 347,1731 405,1731 462,1731 519,1731 577,1731 634,1731 692,1731 749,1730 806,1730 864,1730 921,1730 979,1730 1036,1730 1093,1730 1151,1731 1208,1731 1266,1732"/>
                <TextEquiv>
                    <Unicode>annimmt. In diesem letzteren Falle wäre die untergeordnete Stellung,</Unicode>
                </TextEquiv>
            </TextLine>
            <TextLine id="r1l47" custom="readingOrder {index:21;} concept_mus {offset:23; length:10;} concept_mus {offset:45; length:20;}">
                <Coords points="116,1771 1260,1769 1235,1736 116,1740"/>
                <Baseline points="123,1763 179,1763 236,1764 292,1764 349,1764 405,1765 462,1765 518,1765 575,1765 631,1765 688,1765 744,1765 801,1765 857,1765 914,1764 970,1764 1027,1764 1083,1764 1140,1763 1196,1763 1253,1763"/>
                <TextEquiv>
                    <Unicode>welche das Princip der Phonalität in unserem modernen Musiksystem ein</Unicode>
                </TextEquiv>
            </TextLine>
            <TextLine id="line_1626258744664_734" custom="readingOrder {index:22;} m_tonality {offset:60; length:5; continued:true;}">
                <Coords points="106,1810 1203,1810 1262,1806 1262,1771 106,1780"/>
                <Baseline points="113,1799 138,1798 163,1798 189,1798 214,1798 240,1798 265,1798 291,1798 316,1798 342,1798 367,1798 392,1799 418,1799 443,1799 469,1799 494,1799 520,1799 545,1800 571,1800 596,1800 622,1799 644,1798 680,1798 709,1800 736,1800 763,1800 790,1800 818,1800 845,1799 872,1799 900,1799 927,1799 954,1798 982,1798 1009,1798 1036,1798 1063,1798 1091,1798 1118,1798 1145,1798 1173,1798 1200,1798 1227,1798 1255,1799"/>
                <TextEquiv>
                    <Unicode>nimmt, ein unlösbares Räthsel. — Auch die Erklärung unseres Moll¬</Unicode>
                </TextEquiv>
            </TextLine>
            <TextLine id="r1l51" custom="readingOrder {index:23;} m_tonality {offset:0; length:8; continued:true;} textStyle {offset:17; length:9;fontSize:0.0; kerning:0; letterSpaced:true;} person_author {offset:17; length:9;ID:P0030;} work_text {offset:28; length:8;ID:W0020;}">
                <Coords points="109,1839 1249,1843 1269,1803 109,1810"/>
                <Baseline points="116,1830 173,1831 230,1832 287,1832 345,1833 402,1833 459,1833 517,1834 574,1834 631,1834 689,1834 746,1834 803,1833 860,1833 918,1833 975,1833 1032,1832 1090,1832 1147,1832 1204,1831 1262,1831"/>
                <TextEquiv>
                    <Unicode>systemes, welche Thürlings (a. a. O. S. 50) andeutet, kann uns nicht</Unicode>
                </TextEquiv>
            </TextLine>
            <TextLine id="r1l52" custom="readingOrder {index:24;}">
                <Coords points="111,1873 1273,1883 1273,1842 1189,1837 111,1839"/>
                <Baseline points="118,1864 175,1865 232,1866 290,1866 347,1867 405,1867 462,1867 519,1867 577,1867 634,1867 692,1867 749,1867 806,1866 864,1866 921,1866 979,1866 1036,1866 1093,1866 1151,1866 1208,1866 1266,1867"/>
                <TextEquiv>
                    <Unicode>befriedigen. Eine blos auf ästhetischer Contrastwirkung beruhende Mischung</Unicode>
                </TextEquiv>
            </TextLine>
            <TextLine id="r1l53" custom="readingOrder {index:25;} m_tonality {offset:4; length:19;}">
                <Coords points="114,1906 1268,1903 1232,1871 114,1873"/>
                <Baseline points="121,1899 178,1899 235,1899 292,1900 349,1900 406,1900 463,1900 520,1900 577,1900 634,1900 691,1900 748,1900 805,1900 862,1900 919,1900 976,1900 1033,1900 1090,1900 1147,1899 1204,1899 1261,1899"/>
                <TextEquiv>
                    <Unicode>der reinen Geschlechter vermag doch nicht die Einseitigkeit zu recht¬</Unicode>
                </TextEquiv>
            </TextLine>
            <TextLine id="r1l54" custom="readingOrder {index:26;} concept_mus {offset:55; length:6;} m_chord {offset:62; length:5; continued:true;}">
                <Coords points="113,1940 1264,1940 1264,1905 113,1907"/>
                <Baseline points="121,1931 177,1932 234,1932 291,1933 348,1933 404,1933 461,1934 518,1934 575,1934 631,1934 688,1934 745,1934 802,1933 858,1933 915,1933 972,1933 1029,1933 1085,1932 1142,1932 1199,1932 1256,1932"/>
                <TextEquiv>
                    <Unicode>fertigen, die sich in den unabweisbaren Ansprüchen des harten Ober¬</Unicode>
                </TextEquiv>
            </TextLine>
            <TextLine id="r1l55" custom="readingOrder {index:27;} m_chord {offset:0; length:18; continued:true;} m_tonality {offset:30; length:14;}">
                <Coords points="119,1972 1267,1977 1228,1937 119,1939"/>
                <Baseline points="126,1965 182,1966 239,1966 296,1967 352,1967 409,1967 466,1967 522,1967 579,1967 636,1967 693,1967 749,1967 806,1967 863,1967 919,1967 976,1966 1033,1966 1089,1966 1146,1966 1203,1966 1260,1966"/>
                <TextEquiv>
                    <Unicode>domiantdreiklanges in unserem Mollgeschlecht kundgiebt, ohne dass der</Unicode>
                </TextEquiv>
            </TextLine>
            <TextLine id="r1l56" custom="readingOrder {index:28;} m_chord {offset:0; length:13;} concept_mus {offset:18; length:14;} m_tonality {offset:36; length:13;}">
                <Coords points="114,2005 1267,2006 1215,1972 114,1972"/>
                <Baseline points="121,1999 180,2000 240,2000 300,2001 360,2001 420,2001 480,2002 540,2002 600,2001 660,2001 720,2001 780,2001 840,2001 900,2001 960,2000 1020,2000 1080,2000 1140,2000 1200,2000 1260,2000"/>
                <TextEquiv>
                    <Unicode>Molldreiklang der Unterdominante im Durgeschlecht einen dem entsprechen¬</Unicode>
                </TextEquiv>
            </TextLine>
            <TextLine id="r1l57" custom="readingOrder {index:29;}">
                <Coords points="116,2043 567,2043 567,2011 542,2008 477,2018 335,2005 285,2018 117,2006"/>
                <Baseline points="124,2033 149,2034 175,2034 200,2034 226,2034 252,2034 277,2035 303,2035 329,2035 354,2035 380,2035 406,2035 431,2035 457,2035 483,2035 508,2035 534,2036 560,2036"/>
                <TextEquiv>
                    <Unicode>den Erfolg aufzuweisen hätte.</Unicode>
                </TextEquiv>
            </TextLine>
            <TextEquiv>
                <Unicode>*) Der Umstand, dass die Geschichte unserer Kunst keine voll¬&#13;
kommene Parität zwischen Dur und Moll kennt, seitdem das Princip der&#13;
Klangvertretung durch Accorde das herrschende geworden, spricht ent¬&#13;
schieden dagegen, als ob die harmonischen Untertöne, von denen&#13;
bereits im § 6 die Rede war, den geringsten Einfluss auf die Klang¬&#13;
bedeutung der Accorde nähmen. Seitdem unser modernes duales System&#13;
sich zu entwickeln begonnen hat, behauptet das Durgeschlecht, also das&#13;
Princip der Tonalität, immer ein solches Uebergewicht über das Moll¬&#13;
geschlecht, also das Princip der Phonalität, dass unser „Moll” in der That&#13;
nichts weniger ist, als ein consequent durchgeführtes phonisches System.&#13;
Es steht vielmehr dem reinen tonischen Dursysteme als ein „halbphoni¬&#13;
sches” wie es v. Oettingen richtig bezeichnet, gegenüber, wobei jedoch&#13;
zu bemerken ist, dass weder das reine phonische (Moll mit kleiner Sexte&#13;
und Septime) noch das „halbtonische” System (Dur mit kleiner Sexte,&#13;
Hauptmann's „Moll-Dur”) eine solche Geltung sich zu verschaffen im&#13;
Stande waren, wie unser Dur und Moll. Es hätte aber eine vollkommene&#13;
Reciprocität und Gleichwerthigkeit des tonalen und des phonalen Elementes&#13;
Platz greifen müssen, wenn die harmonischen Untertöne nicht blos existiren,&#13;
sondern auch die Klangbedeutung harmonischer Gebilde in der Weise&#13;
beeinflussen würden, wie H. Riemann in den bereits citirten Schriften&#13;
annimmt. In diesem letzteren Falle wäre die untergeordnete Stellung,&#13;
welche das Princip der Phonalität in unserem modernen Musiksystem ein&#13;
nimmt, ein unlösbares Räthsel. — Auch die Erklärung unseres Moll¬&#13;
systemes, welche Thürlings (a. a. O. S. 50) andeutet, kann uns nicht&#13;
befriedigen. Eine blos auf ästhetischer Contrastwirkung beruhende Mischung&#13;
der reinen Geschlechter vermag doch nicht die Einseitigkeit zu recht¬&#13;
fertigen, die sich in den unabweisbaren Ansprüchen des harten Ober¬&#13;
domiantdreiklanges in unserem Mollgeschlecht kundgiebt, ohne dass der&#13;
Molldreiklang der Unterdominante im Durgeschlecht einen dem entsprechen¬&#13;
den Erfolg aufzuweisen hätte.</Unicode>
            </TextEquiv>
        </TextRegion>
    </Page>
</PcGts>
