1407 2241
659 74 730 116 26
120 156 1279 204 Wenn wir aber die Untertöne der einfachen Bestandtheile eines
120 195 1275 243 musikalischen Klanges in Erwägung ziehen, sehen wir sogleich, dass
118 243 1272 283 es eine unmittelbare qualitative, sich unter allen Intensitätsverhält¬
118 283 1265 323 nissen gleichbleibende Uebereinstimmung ist, die die Zusammen¬
121 315 1266 371 gehörigkeit der Partialtöne begründen kann. Ist uns z. B. der
117 368 1276 411 Klang ci c2 92, cs, es, gs . . . objectiv gegeben, so hätten wir
118 403 1267 451 nach der Hypothese von den Untertönen nachstehende Tonempfin¬
117 451 1173 491 dungen (wenn wir beim sechsten Partialtone stehen bleiben):
111 826 1279 875 Man sieht, welche Elemente es sind, die das gemeinschaftliche
113 875 1265 915 Band zwischen den den einzelnen einfachen Partialtönen ent¬
113 916 1271 963 sprechenden Empfindungsgruppen bilden. Der Hauptton, hier c’,
105 956 1269 1002 findet sich als subjectiver Unterton in allen Gruppen. Auf dieser
115 996 1266 1044 Zusammengehörigkeit oder Verwandtschaft der gleichzeitigen Ein¬
105 1042 1269 1087 drücke mag nun ein guter Theil des Wohlgefallens beruhen, mit
115 1083 1270 1124 dem das Ohr Klänge mit harmonischen Obertönen auffasst. Dieses
116 1123 1269 1171 Wohlgefallen hat wieder das beharrliche Vorziehen und immer mehr
111 1171 1269 1218 um sich greifende Verwenden solcher Klänge zur Folge; und
106 1219 1272 1259 gerade auf diesen Punct werden wir später, bei der Erörterung
111 1252 1265 1291 der Grundprobleme der Harmonik, ein besonderes Gewicht legen.
111 1292 1272 1331 Doch muss schon jetzt darauf hingewiesen werden, dass der hier
110 1331 1267 1372 angedeutete Grund des Wohlgefallens an musikalischen Klängen
106 1373 1261 1420 durchaus nicht der einzige zu sein braucht. Abgesehen von der
110 1412 1259 1460 eben erwähnten Coincidenz der Partialtöne mit den im Ohre ent¬
107 1462 1269 1499 stehenden Obertönen ist es vornehmlich Ein Punct, auf den auch
115 1498 1267 1541 Helmholtz ausdrücklich hinweist: „Objectiv ausgezeichnet ist
113 1539 1267 1586 diese Classe von Klängen mit harmonischen Obertönen dadurch,
110 1579 1258 1627 dass zu ihr alle durch einen gleichmässig fortgehenden mechani¬
106 1620 1260 1668 schen Vorgang erzeugten Schallbewegungen gehören, die demgemäss
104 1668 1255 1707 auch eine gleichmässig fortdauernde Empfindung erregen; unter
109 1706 1258 1755 ihnen stehen in erster Reihe die Klänge der menschlichen Stimme,
107 1747 1269 1794 des der Zeit und der Wichtigkeit nach ersten Musikwerkzeuges
110 1790 1258 1835 des Menschen. Die Klänge aller Blasinstrumente und Streich¬
98 1835 1259 1883 instrumente gehören in dieselbe Classe.“ Auf andere Instrumente,
111 1875 1256 1916 deren Ton rasch verklingt, wie z. B. der der gerissenen Darm¬
105 1916 1258 1963 saiten, kann sich diese Bemerkung allerdings nicht unmittelbar be¬
107 1960 1262 2003 ziehen; bei ihnen muss der nächste Grund des Wohlgefallens am
102 2009 1264 2043 einzelnen Klange ein anderer sein. Dabei darf nicht übersehen
