1407 2241
677 65 715 108 4
114 147 1271 197 zu einer Tonempfindung, aber erst bei etwa 40 Schwingungen fangen
120 187 1270 235 die Töne an, eine bestimmte musikalische Höhe zu bekommen.
119 235 1257 274 Die interessanten Versuche Preyers *) machen es jedoch wahr¬
114 283 1270 315 scheinlich, dass im Allgemeinen für normalhörende Personen die
117 314 1275 363 Grenze der Tonwahrnehmung nach der Tiefe zu etwa zwischen 14
120 364 1273 403 und 20 Schwingungen liegt. Despretz erzeugte mittelst kleiner
118 404 1264 444 Stimmgabeln noch einen Ton von 38016 (= d8), Preyer sogar
121 444 811 490 einen solchen von 40960 Schwingungen.
200 484 1268 532 Die obige Uebersichtstabelle scheint auf den ersten Blick will¬
117 532 1263 572 kührlich berechnet zu sein. Warum haben wir z. B., von a′ = 440
118 568 1269 619 ausgehend, durch Quintenschritte blos e2 = $$MATH = 660
114 618 1269 665 und h2 = $$MATH = 990, nicht aber auch die Unterquinte
118 658 1267 699 d′ = $$MATH = 293,2, sowie alle übrigen Stufen der C-dur¬
119 699 1264 748 leiter bestimmt? Warum haben wir den offenbaren Umweg gewählt
118 740 1264 787 und zuerst das f′ = $$MATH = 352 als gr. Unterterz von a′.
117 778 1258 836 daraus dann erst mittelst dreier Quintenschritte (durch c2 und g2)
117 830 1273 867 das d3 = $$MATH = 1188 und schliesslich mittelst zweier
122 867 1260 915 (absteigender) Octavenschritte das d′ = $$MATH = 297
117 908 1264 956 bestimmt? Und wenn wir einmal bei f′ waren, warum haben
120 955 1269 996 wir nicht lieber gleich das d′ als kl. Unterterz von f′, also
115 994 1272 1041 = $$MATH = 293,3 berechnet? Die endgiltige Antwort auf
115 1036 1271 1083 diese Fragen kann allerdings erst dann gegeben werden, wenn
121 1083 1272 1124 bereits von der Beschaffenheit und Construction unseres Tonsystems
118 1123 1262 1163 die Rede gewesen ist. Für jetzt genügt es uns, zu wissen, dass
114 1163 1273 1211 es nicht nur möglich ist, die Tonverhältnisse eines Systems auf
113 1203 1264 1248 gar mannigfache Weise zu bestimmen, sondern auch zu gewissen
119 1243 1265 1284 Zeiten und bei gewissen Völkern thatsächlich anders stattgefunden
119 1283 1268 1331 hat, als in der modernen Musik. Natürlich sind — wie schon
121 1323 1271 1371 die eben angeführten Zahlen zeigen — die auf verschiedenen Wegen
114 1371 1266 1417 bestimmten Tonverhältnisse durchaus nicht mehr dieselben — und
119 1412 1138 1452 eben diese Unterschiede müssen wir nun in's Auge fassen.
208 1451 1273 1490 Wenn wir von irgend einem beliebigen Tone, z. B. von c′ = 264
111 1499 1264 1539 ausgehen, so können wir die gr. Terz e′ entweder durch vier
118 1535 386 1581 Quintenschritte:
118 1758 1273 1803 oder aber auf einfachere Weise, durch einen einzigen grossen
122 1795 478 1836 Terzenschritt finden:
192 1964 1268 2011 *) Ueber die Grenzen der Tonwahrnehmung. Von W. Preyer.
113 2003 411 2043 Jena 1876. S. 11.
