1407 2241
643 56 802 116 114
109 278 1271 316 finden wir zwei isolirte Accordklänge. Verbundene
115 315 1269 356 Klänge weist wieder der Septimenaccord der ersten Stufe in
114 358 1274 411 Dur auf, der überdies (wie viele andere nicht nur dissonante,
109 404 1267 444 sondern mitunter auch sogar consonante Accorde) in verschiedener
117 443 626 482 Weise gedeutet werden kann:
115 619 1274 659 Auch der übermässige Dreiklang besteht aus zwei verbundenen, der
124 660 736 715 verminderte aus isolirten Klängen:
121 843 1273 891 Aus diesen Beispielen ersieht man auf den ersten Blick, dass die
112 897 1274 940 verbundenen Klänge stets direct, die isolirten dagegen
115 931 1274 979 indirect verwandt sind — unter Voraussetzung der Auflösung
117 970 1271 1018 des dissonanten Accordes in homonome Klänge. Isolirte Klänge
121 1014 1270 1059 finden wir offenbar überall dort, wo im Accorde eine pythagoräische
116 1060 1268 1099 Terz (oder Sexte) vorkommt; ist dies letztere nicht der Fall, so
118 1099 835 1139 können die Klänge auch verbunden sein.
210 1139 1276 1187 Jetzt erst können wir auf v. Oettingen's Auffassung der
119 1179 1275 1227 Dissonanz eingehen. Wir haben gefunden, dass die Consonanz
120 1222 1275 1267 der Zusammenklang direct verwandter, die Dissonanz
118 1267 1273 1307 der Zusammenklang indirect verwandter Töne ist.
114 1307 1269 1347 Dies behält seine volle Richtigkeit auch für mehrstimmige Accorde.
114 1347 1270 1388 Erst dann, wenn wir den dissonirenden Accord in selbständige
118 1387 1272 1436 consonante Tongruppen, in isolirte oder verbundene Accordklänge
114 1427 1267 1475 auflösen, können wir v. Oettingen's Ausspruch: „Die Disso¬
118 1474 1277 1515 nanz ist das gleichzeitige Bestehen zweier oder
113 1515 1269 1563 mehrerer Klänge. Das Wort Klang nicht als einzelner Ton.
114 1555 1273 1596 sondern im Sinne der Klangvertretung gefasst” *) gelten
118 1595 1275 1642 lassen. Es ist dies also nur eine Ausdrucksweise, welche die
121 1636 1275 1684 Uebersicht der harmonischen Elemente des dissonanten Accordes
121 1684 1276 1724 wesentlich erleichtert, indem die Auflösung in lauter Zweiklänge
118 1723 1269 1764 offenbar ein viel complicirterer Vorgang wäre. Die Accord¬
118 1763 1266 1811 klänge, um deren gleichzeitiges Bestehen es sich handelt, können
119 1811 1268 1859 tonisch oder phonisch, vollständig oder unvollständig, auch wohl
114 1851 1275 1891 durch einen einzelnen Ton (den Grundton) vertreten sein. Ferner
119 1891 1273 1932 ist leicht einzusehen, dass überhaupt zwei verschiedene, also auch
206 2003 502 2052 *) A. a. O. S. 228.
