1407 2241
670 68 721 107 48
118 147 1275 195 oder von einer Spieluhr, einer Glasharmonika vorgetragen, so kann
121 195 1274 235 ich mir durch die Phantasie ergänzen, wie sie klingen würde, von
119 235 1281 276 einem eigentlich musikalischen Instrumente, einer menschlichen
115 274 682 323 Stimme oder Violine, ausgeführt.
204 339 1271 380 Aus dem Angeführten wird klar, dass Helmholtz’s Erklä¬
113 387 1271 420 rung der Tonverwandtschaft im Grunde genommen auf demselben
120 421 1278 475 Princip beruht, wie v. Oettingen's Lehre von der phonischen
127 463 1276 508 Verwandtschaft. In beiden Fällen ist es die Coineidenz der (sinn¬
115 507 1277 548 lich gegenwärtigen oder nur reproducirten) Obertöne, was ent¬
116 554 1265 590 scheidet, mögen nun die betreffenden Klänge zugleich oder nach
114 588 1271 628 einander auftreten. Die musikalische Gewohnheit, von der Helm¬
123 635 1276 675 holtz spricht, bezieht sich auf ein bereits gehörtes Zusammen¬
118 667 1269 715 treffen mehrerer einzelner selbstständiger musika¬
122 716 1280 755 lischer Klänge, setzt also schon musikalische Tonformen voraus.
118 755 1278 803 Diese letzteren, d. h. jene Intervalle, deren fortgesetztes Hören in
120 806 1273 852 günstigen Klangfarben eben die musikalische Gewohnheit begründet,
121 844 1275 884 erhalten ihren Werth als Consonanzen oder verwandte Zusammen¬
126 883 1273 924 klänge in letzter Instanz doch nur durch die reelle Existenz der
118 924 1276 972 Obertöne in jedem einzelnen Falle. In dieser Fassung hat also
121 972 1275 1019 jene Gewohnheit unseres Ohres gar keine principielle Bedeutung,
118 1012 1277 1051 wo es sich um die letzten Ursachen der Consonanz oder Ver¬
127 1052 868 1100 wandtschaft und ihres Gegentheils handelt.
205 1115 1272 1154 Noch ein anderer Punct ist geeignet, Bedenken gegen die musi¬
124 1154 1278 1195 kalische Gewohnheit im Sinne Helmholtz's, oder vielmehr gegen
123 1194 1279 1235 die ihr zugewiesene Rolle beim Auffassen von Intervallen, wach¬
123 1241 1279 1276 zurufen. Wenn die Werthschätzung der harmonischen Intervalle
127 1276 1275 1323 irgendwie von den in der praktischen Musik wirklich angewandten
120 1316 1281 1364 Zusammenklängen oder Tonfolgen abhienge, wäre es in der That
115 1363 1277 1402 schwer zu erklären, dass sich unser Gehör mit einer staunens¬
123 1404 1275 1443 werthen Starrsinnigkeit beim Auffassen von Tonverhältnissen nach
127 1443 1277 1491 den Intervallen der reinen natürlichen Stimmung auch
126 1483 1275 1524 dann richtet, wenn ihm, wie es in unserer modernen Tonkunst der
119 1525 1274 1571 Fall ist, fast durchgehends nur solche Intervalle geboten werden,
118 1571 1273 1611 die der natürlichen Stimmung fremd sind, nämlich gleichschwebend
121 1611 1273 1651 temperirte Intervalle. Unser populärstes Instrument ist das Clavier.
123 1652 1283 1691 Selbst die temperirte Stimmung halten die wenigsten Claviere lange
121 1692 1277 1740 fest, auch wenn sie in der genauesten Weise gestimmt worden sind;
117 1740 1283 1779 mehr oder weniger ist fast jedes Clavier schon mit Rücksicht auf
125 1779 1276 1819 die Temperatur verstimmt — um so mehr mit Rücksicht auf die
125 1819 1283 1860 natürliche Stimmung. Selbstverständlich ist dieser Umstand nicht
123 1859 1279 1916 ohne Einfluss auf die Feinheit des Gehörs, auf seine Fähigkeit,
119 1915 1278 1956 absolute Tonhöhen zu erkennen und kleine Unterschiede in der
127 1947 1279 1987 Weite der Intervalle zu bemerken. Preyer, der Gelegenheit
125 1987 1287 2029 hatte, die eingehendsten Beobachtungen über Feinheit des Gehörs
