1407 2241
669 75 728 117 24
111 156 1275 203 nicht entgehen. Er spricht ihn in der „Lehre von den Ton¬
114 201 1264 251 empfindungen” zwar nur beiläufig, zum Schlusse der XI. Beilage, *)
110 252 1278 291 aus, führt aber noch das Gesetz an, nach welchem die Intensität
110 286 1268 331 der Erregungen abnehmen müsste; wenn wir die Intensität des
110 331 1270 373 objectiv gegebenen c′= 1 setzen, so nimmt die Stärke der Er¬
116 371 1264 414 regung der übrigen mitschwingenden Theile im quadratischen Ver¬
109 411 1281 459 hältniss der relativen Schwingungszahlen ab, also in der obigen
115 458 282 507 Reihe **):
199 595 1266 636 Allein Helmholtz selbst bezweifelt die Existenz dieser sub¬
108 635 1269 683 jectiven Untertöne, indem er fortfährt: „Davon ist im Ohre nichts
109 675 1270 723 zu bemerken. Ich glaube aber, dass man dies nicht nothwendig
116 716 1275 763 als einen Einwand gegen die hier durchgeführte Theorie betrachten
111 764 1271 803 darf, da wahrscheinlich durch die Anhangsgebilde der Membrana
114 803 1268 844 basilaris die Bildung von Tönen mit Knotenlinien sehr erschwert
115 844 1263 892 ist.” Mit dieser ausweichenden Erklärung ist H. Riemann ***)
108 896 1263 939 nicht zufrieden; er bezweifelt (wohl nicht ohne Grund) die Ver¬
116 930 1266 971 muthung von der dämpfenden Wirkung jener Anhangsgebilde der
114 971 1267 1019 Membrana basilaris und erklärt die Unhörbarkeit der Untertöne
112 1013 1269 1061 ganz richtig mit den Worten: „Wächst die Amplitude des Haupt¬
110 1059 1271 1099 tones, so wächst die der Untertöne proportional mit, nimmt jene
115 1100 1273 1139 ab, so auch diese; es giebt kein Mittel, den Hauptton oder einen
117 1138 1271 1186 einzelnen Unterton zu verstärken: — so liegt es ja klar auf der
115 1180 1272 1225 Hand, dass wir gar nicht im Stande sein können, die Theilvor¬
109 1225 1269 1270 stellungen der Untertöne im Bewusstsein aus der Klangvorstellung
114 1269 1267 1307 einzeln auszuscheiden, wie wir dies mit den Obertönen leicht
110 1307 1268 1348 können, dass wir also die immer gleich zusammengesetzten Vor¬
109 1347 1267 1388 stellungen für einfache halten müssen.” Allein es ist eine andere
114 1386 1272 1428 Frage, ob Riemann auch darin Recht hat, von der „realen
114 1428 1269 1475 Existenz” der Untertöne zu sprechen und ganz entschieden zu
115 1472 1262 1516 behaupten: „Die den Untertönen eines angegebenen Tones ent¬
209 1562 515 1612 *) A. a. O. S. 617.
198 1603 1263 1648 **) Helmholtz spricht allerdings nur davon, dass „jede Erregung
117 1637 1272 1676 eines Querfaserbündels” (der Memb. basilaris) „durch den betreffenden
118 1672 1268 1708 Grundton auch begleitet sein müsste von schwächeren Erregungen der
110 1706 1271 1747 ungeraden harmonischen Untertöne”; allein unmittelbar zuvor heisst
111 1741 1268 1778 es: „Unter diesen Umständen werden also alsdann von jedem einfachen
115 1774 1268 1811 Tone nur gewisse in Richtung der x-schmale Streifen der Membran in
117 1807 1271 1850 Schwingung versetzt, von denen der erste eine, der zweite zwei,
115 1841 1264 1876 der dritte drei etc. schwingende Abtheilungen hat, und in
111 1892 1269 1940 denen die Grösse $$GRAPHIC, d. h. die Länge der schwingenden Abtheilungen,
114 1924 575 1989 überall denselben Werth hat.”
197 1978 1263 2019 ***) Musikalische Logik. Von Hugo Riemann. Leipzig, C. F.
111 2011 327 2060 Kahnt, S. 12.
