1407 2241
689 57 748 107 75
141 147 1295 195 man dem aesthetischen Verhältnisse des aufgelösten Dissonanz jene
137 187 1243 235 allgemeine Geltung vindicirt, die ihm von rechtswegen gebührt.
221 230 1295 275 Der Künstler mag seine volle Freiheit gegenüber allen Regeln
142 275 1292 317 der Kunstlehre bethätigen — Einer muss er sich doch bedingungs¬
147 314 1303 363 los unterwerfen: der Regel von der Auflösung der Dissonanz. Vor
136 356 1305 404 ihr, als dem höchsten Kunstgesetze, muss sich auch der kühnste
145 403 1297 450 Geist ohne Widerrede beugen. Wer erinnert sich dabei nicht an
140 443 1303 491 die „Einheit der Naturnothwendigkeit und der Freiheit“ im
142 492 1295 532 künstlerischen Schaffen, die bei den Philosophen nach Kant eine
139 532 1302 580 so bedeutende Rolle gespielt hat? Allerdings zeigt uns die formale
147 572 1297 619 Lehre von der Dissonanz jene Einheit in einem etwas anderen
142 619 1298 660 Sinne, namentlich in einem etwas engeren Gebiete, als es die
146 659 1297 698 idealistische Kunstphilosophie that, nämlich blos im Hinblicke auf
143 700 1301 747 das Verhältniss des schaffenden Künstlers zu den Satzungen der
142 747 1298 788 Aesthetik, aber um so deutlicher, weil nüchterner. Der Künstler
144 787 1299 835 darf uns die herbsten Dissonanzen, die schroffsten Contraste bieten,
142 828 1303 873 er darf sich über jede Kunstregel hinwegsetzen: nur muss alles
146 868 1302 916 dies dem künstlerischen Ganzen organisch eingefügt sein, ein
141 915 1294 960 gewisses Ebenmass der Ausdehnung einhalten und sich schliesslich
140 956 1296 996 in vollkommen befriedigende Harmonie auflösen. Die Sünde wird
143 1003 1293 1043 zugelassen, unter der Bedingung, dass sie vollkommen gesühnt wird.
145 1036 1299 1082 So haben in der That alle ästhetischen Vorschriften, alle Kunst¬
144 1087 1299 1132 regeln eine bedingte, relative Geltung, und nur die Eine, die Auf¬
139 1122 1304 1170 lösung der Dissonanz fordernde, eine unbedingte, absolute. Gegen
144 1163 1302 1211 dieses oberste Gesetz verstösst der Künstler, wenn er den von
139 1210 1300 1251 ihm heraufbeschworenen Dissonanzen rathlos gegenübersteht, ohne
138 1252 1294 1299 sie bemeistern zu können — und das ist allerdings eine Sünde
147 1293 1298 1345 wider den heiligen Geist des Kunstschönen, die nicht gesühnt
142 1341 1292 1388 werden kann. Dass sich übrigens diese Bedeutung der Dissonanz
145 1378 1294 1424 nicht nur in der Aesthetik, sondern auch in der Kunstgeschichte
149 1426 1299 1467 geltend macht, versteht sich von selbst. Die Art und Weise, wie
147 1459 1299 1500 von der Dissonanz Gebrauch gemacht wird, die Freiheit, die man
144 1499 1299 1546 ihr gewährt, und die Schranke, die man ihr zieht, ist für die
147 1539 1294 1587 Epoche und für die Nation charakteristisch, so dass man wohl
139 1588 1302 1627 sagen könnte: die Geschichte der Dissonanz ist die Geschichte des
140 1627 461 1676 Kunstgeschmackes.
371 1715 1062 1772 § 14. Die Auflösung der Dissonanz.
223 1787 1302 1835 Um die Auflösung der Dissonanz in ihrer einfachsten Form
140 1830 1295 1875 kennen zu lernen, beschränken wir uns vorläufig, in Ueberein¬
139 1875 1290 1919 stimmung mit dem oben (gelegentlich der Lehre von der Conso¬
141 1916 1287 1964 nanz) ausgesprochenen Grundsatze, auf zweistimmige Zu¬
138 1959 471 2012 sammenklänge.
228 2002 1311 2043 Die Dissonanz ist ein gegenseitiges Verhältniss beider
