1407 2241
665 68 719 116 30
118 155 1290 195 Gesicht und die Muskelempfindung bei der raumentwickelnden
114 195 544 243 Function des Tastsinnes.
202 235 1264 282 Wenn es nun keine anderen Beziehungen zwischen den Ton¬
121 283 1270 329 empfindungen gäbe, als die eben behandelte qualitative Abstufung,
118 323 1273 363 die sich auf die Nachbarschaft der Töne gründet, also durch die
114 363 1271 420 Grösse des Intervalls bestimmt wird, so müsste der Gegensatzgrad
118 411 1279 453 regelmässig nach oben und unten wachsen, so dass z. B. die Octave
114 457 1273 499 gegen die Prime fremder erschiene, als die kleine Septime, diese
119 492 1272 540 wieder fremder als die beiden Sexten oder die Quinte, während
115 532 1277 578 die übermässige Quarte alle diese Intervalle an Verwandtschaft mit
121 579 1269 620 der Prime überträfe. Die Erfahrung belehrt uns bekanntlich eines
115 619 1270 660 Anderen. Gerade die Octave erscheint von den hier genannten
114 659 1269 707 Intervallen als das verwandteste, nach ihr kommt die Quinte und
119 707 1265 746 die beiden Sexten, dann erst die kleine Septime und erst als aller¬
118 748 1274 787 letztes die übermässige Quarte. Es macht sich hier offenbar neben
114 787 1266 836 der qualitativen Abstufung der Tonempfindungen, die auf
120 827 1267 875 der Nachbarschaft derselben beruht, noch ein anderes wich¬
117 875 1267 916 tiges Moment geltend: die harmonische Zusammengehörig¬
118 915 1275 956 keit oder Verwandtschaft gewisser Tonstufen. Wir haben
114 956 1270 1003 es also im Reiche der Töne mit einem doppelten Principe
115 1006 1258 1043 zu thun, nach dem sich das Materiale der Musik künst¬
117 1043 1267 1089 lerisch gestalten lässt; streng festzuhalten haben wir aber,
118 1083 1273 1124 dass jedes Princip vom anderen völlig nnabhängig ist, dass beide
115 1123 1275 1171 frei nebeneinander hergehen und sich dabei in der mannigfaltigsten
123 1171 1269 1219 Weise durchkreuzen, dass keines auf das andere zurückgeführt
121 1214 1267 1251 werden kann, weder die abgestufte Reihe der Tonqualitäten auf die
111 1251 1267 1292 harmonischen Verwandtschaftsverhältnisse, noch auch diese auf jene.
198 1292 1264 1331 Bei der Betrachtung der Tonreihe als solcher kommt selbst¬
116 1331 1268 1373 verständlich die harmonische Verwandtschaft — wir sagen künftig¬
114 1371 1268 1419 hin schlechtweg: Verwandtschaft — der Töne nicht in Frage.
116 1413 1272 1464 Wenn wir also die Tonreihe durch eine Linie darstellen wollen,
112 1459 1265 1500 so kann es keine andere sein, als eine Gerade, da ja zu einer
110 1505 1261 1548 Aenderung der Richtung nicht die geringste Veranlassung vor¬
117 1538 1273 1580 handen ist. Dass diese Gerade als eine ebenso continuirliche
114 1583 1266 1628 gedacht werden muss, wie es die Reihe der Tonempfindungen ist,
115 1626 1266 1668 bedarf keiner weiteren Ausführung. Die kleinere oder grössere
116 1667 1268 1707 Anzahl der mitschwingenden Theilchen im Ohre hat da nichts zu
114 1707 1270 1755 bedeuten; wir wissen, dass jedes nicht nur von seinem Eigentone,
109 1755 1272 1796 sondern auch von vielen benachbarten Tönen in Bewegung versetzt
109 1796 1269 1843 werden kann, so dass ein Ton, der etwa zwischen die Eigentöne
113 1838 1263 1883 zweier unmittelbar nebeneinander stehender mitschwingender Theil¬
114 1882 1274 1923 chen fiele, nicht ohne Wirkung auf unser Gehör bleibt, da er dann
118 1915 1265 1963 beide erregt, dasjenige allerdings stärker, dessen Eigenton ihm
107 1969 1267 2003 näher liegt.*) Es genügt also eine beschränkte Anzahl von End¬
195 2042 709 2086 *) Helmholtz a. a. O. S. 230.
