1407 2241
658 63 733 108 38
118 144 1274 196 auf die Fasern aller seiner harmonischen Untertöne: c, F. C.
113 195 1276 244 As; F. u. s. w. wirken, die aliquoten Abtheilungen der mit¬
113 248 1279 291 schwingenden Körperchen zwar insgesammt im Sinne seiner eigenen
115 282 1274 332 Schwingungszahl, also 264mal in der Secunde, in Bewegung ver¬
115 328 1278 371 setzen, und doch Empfindungen verursachen, die eigentlich zu
120 371 1274 412 Tönen von 132, 88, 66, 52,8, 44, u. s. w. Schwingungen gehören.
118 410 1272 455 Umgekehrt werden die Fasern des c“ alle Töne zwischen h und cis“
113 452 1271 500 merklich erregen, nicht minder die Töne c2, 92, ci, es, ge u. s. w.
112 492 1272 540 deren gemeinschaftlicher Unterton eben c“ ist. Es besteht daher
107 539 1281 579 zwischen dem äusseren physikalischen Vorgange und dem inneren
120 579 1280 627 psychischen Zustande, den wir Empfindung nennen, keineswegs eine
108 631 1267 668 so constante, nothwendige Wechselbeziehung, wie sie die mathe¬
108 673 1281 718 mathische Theorie vorausgesetzt hat. Der Physiolog sagt in seiner
120 707 1275 747 Art kurz: die Qualität der Empfindung hängt nicht von der
114 747 1269 795 Beschaffenheit des reizenden Aussendinges, sondern von der speci¬
111 794 900 836 fischen Energie der gereizten Nervenfaser ab.
199 835 1278 875 Soll es sich ferner um ein Beurtheilen von Zahlenverhältnissen
114 874 1280 916 handeln, so wäre nicht nur ein gar genaues Messen und Vergleichen
114 915 1272 965 der Schwingungszahlen unerlässlich, sondern es müssten die Resul¬
114 963 1273 1004 tate auch eine Präcision aufweisen, wie man sie von der Durch¬
111 1002 1276 1042 führung eines wesentlich mathematischen Princips füglich
121 1048 1280 1093 verlangen darf. Die Erfahrung lehrt das Gegentheil davon. Ein
121 1091 1275 1140 ganz unbedeutendes Herabstimmen der reinen Octave, z. B. 264 : 528,
114 1139 1278 1173 etwa um 1/10 Schwingung, also 264 : 527,9, wird kaum von einem
110 1172 1278 1218 geübten Musiker bemerkt werden, während eine stärkere Ver¬
110 1212 1273 1250 stimmung, etwa im Verhältnisse 264 : 520 ein auch dem Ungeübten
113 1254 1271 1302 sogleich höchst unangenehmes dissonantes Intervall hervorbringt.
120 1291 1275 1339 Und doch ist offenbar das Verhältniss 264 : 520 = 33: 65 ein
113 1331 1272 1379 viel einfacheres, als das frühere 2640: 5279, das überhaupt einer
113 1379 1274 1419 Abkürzung gar nicht fähig ist; der mathematischen Theorie zufolge
111 1420 1282 1459 müsste also gerade dieses complicirtere Verhältniss einen minder
116 1459 1272 1507 wohlgefälligen Zusammenklang bewirken, als jenes einfachere, mit
114 1506 1273 1547 anderen Worten: müsste die geringere Verstimmung der Octave
115 1539 766 1595 unreiner klingen, als die grössere.*)
201 1588 1276 1628 An der Sache selbst wird dadurch nichts geändert, wenn man
118 1626 1273 1668 versichert, die Seele verrichte alle die mathematischen Operationen
114 1674 1273 1717 unbewusst. Es handelt sich eben nur darum, ob ein Zählen
199 1754 1273 1795 *) Vgl. Helmholtz a. a. O. S. 362. Noch weniger, als in dem
109 1794 1277 1836 einfachen unmittelbaren Zahlenverhältnisse zweier Töne wird man den
116 1827 1263 1868 Grund ihrer Consonanz in anderen, complicirteren mathematischen Be¬
116 1861 1274 1899 ziehungen zu suchen haben, wie z. B. im „goldenen Schnitte“, den
111 1894 1272 1931 Zeising bekanntlich auch auf die musikalische Intervallenlehre angewendet
113 1931 1276 1971 wissen will. Der „goldene Schnitt“ ist eben bereits ein Verhältniss von
110 1970 1264 2035 Verhältnissen, beziehungsweise die Gleichstellung derselben: 5
