1407 2241
653 67 745 115 112
125 155 1279 195 unbedingt zu verdammen. Ganz ähnlich verhält es sich mit der
122 196 1277 243 Folge e{0 . . . g+ . . . c+ bei b). *) Dass Parallelen, selbst von
119 244 1276 291 Quinten, zwischen unmittelbar verwandten Dreiklängen nicht im
117 289 1278 332 geringsten anstössig sind, erhärtet unsere Auffassung. Nur die
126 324 1271 363 Rücksicht auf die Singbarkeit des Satzes, namentlich auf den zu
119 364 1277 419 vermeidenden Querstand, beschränkt einigermassen die Freiheit,
117 418 1274 460 unmittelbar verwandte Accorde in beliebigen Lagen aufeinander
125 450 1267 491 folgen zu lassen. Selbst strenge Theoretiker werden diese Fort¬
119 496 1276 539 schreitungen im mehrstimmigen Satze nicht absolut verwerflich
119 535 246 579 finden:
206 762 1269 803 Der Zweck dieser Schrift ist ein anderer als das Eingehen
109 804 1276 850 in Detailfragen der praktischen Harmonielehre. Deshalb müssen
120 851 1271 892 wir uns damit begnügen, wenigstens eine flüchtig skizzirte allgemeine
121 891 1275 932 Erörterung des Princips des Quintenverbotes dem Gange unserer
128 932 1273 979 Untersuchung einverleibt zu haben. Dass die Frage nach der Zu¬
122 972 1274 1020 lässigkeit der „verdeckten” Quinten in ähnlicher Weise, d. h. in
118 1021 1270 1060 erster Linie vom Standpuncte der Klangfolge behandelt werden
120 1059 1274 1099 muss, liegt im Wesen der Sache. Wie die an und für sich herben
113 1099 1268 1146 Folgen minder verwandter Accorde zu mildern sind, ist aus dem
118 1148 1275 1192 bisher Gesagten leicht zu ersehen: einerseits zwar durch möglichst
116 1187 1270 1227 fliessende Stimmführung, andererseits aber auch durch thunlichste
118 1227 1277 1268 Vermeidung von Parallelen namentlich derjenigen Intervalle, welche
119 1267 802 1308 die entschiedensten Klangvertreter sind.
207 1323 1271 1370 Bevor wir jedoch zur Betrachtung der dissonanten Accorde
112 1364 1267 1411 übergehen, müssen wir eines Ausspruches Weitzmann's Erwäh¬
110 1412 1271 1452 nung thun, der so manchem Theoretiker Aergerniss bereitet zu
117 1450 1271 1498 haben scheint. Weitzmann stellt in seinem „Harmoniesystem” **)
119 1492 1271 1531 den Grundsatz auf: „Einem consonirenden Accorde kann
109 1531 1273 1580 jeder andere consonirende Accord folgen.” Wenn dies
114 1570 1276 1619 soviel bedeuten sollte, als dass der Componist an jeder beliebigen
111 1619 1266 1659 Stelle eines Tonstückes ohne Weiteres jede beliebige Folge von
118 1666 1271 1708 consonanten Accorden anwenden dürfe, so hätte man allerdings
115 1699 1267 1747 Recht, sich dagegen auf das Entschiedenste zu verwahren. Wenn
120 1740 1276 1788 wir aber Weitzmann's Worten den Sinn unterlegen: es giebt
119 1787 1267 1827 keine zwei consonanten Accorde, welche nicht unter gewissen Um¬
208 1898 1272 1939 *) Bei der Auflösung dissonanter Accorde und bei Dissonanzfolgen
116 1931 1271 1978 haben die Quintenparallelen einen noch weiteren Spielraum, namentlich,
118 1971 612 2012 wenn sie chromatisch auftreten.
186 2011 932 2052 **) Gekrönte Preisschrift. Leipzig, o. J. S. 1.
