1407 2241
692 51 757 108 21
143 147 1308 195 berechnet und durch die beistehende Figur versinnlicht, in welcher
145 199 1303 242 a b c einen Theil der Tonlinie in der Ausdehnung zweier ganzer
148 235 611 284 Töne, jede einzelne Vertical¬
139 282 619 323 linie aber die Intensität vor¬
143 323 619 365 stellt, mit welcher eine Ner¬
149 363 616 414 venfaser mitschwingt, wenn
145 411 618 459 ihr Eigenton von dem Tone
149 451 620 492 des Erregers um soviel ab¬
147 499 615 537 weicht, als ihr Fusspunct in
145 532 624 579 der Tonlinie vom Puncte b
140 578 615 619 absteht. b d bezeichnet also
144 618 611 660 die ganze Intensität des Mit¬
148 660 1311 708 schwingens, wie es beim vollen Einklange stattfindet. Es wird somit
144 708 1296 747 durch einen einzelnen einfachen Ton nicht auch eine einzelne ein¬
144 747 1305 787 fache Empfindung hervorgerufen, sondern eine ganze Gruppe von
142 787 1303 835 Empfindungen, deren Intensität allerdings eine verschiedene ist
140 832 1304 883 und die sich in derjenigen Empfindung, welche die stärkste ist,
145 875 1303 916 weil sie von einer Nervenfaser herrührt, deren Eigenton sich im
143 915 1304 963 Einklange mit dem Erreger befindet, „zuspitzen” — um einen
147 957 1125 1004 Terminus der Herbart'schen Psychologie anzuwenden.
222 1004 1305 1043 Dies erklärt auch die Möglichkeit der Wahrnehmung der
141 1043 1299 1085 Schwebungen. Würde jeder einfache Ton nur eine einzige
142 1083 1301 1131 Nervenfaser reizen, so hätten wir von zwei benachbarten Tönen
140 1130 1300 1179 zwei gleichzeitige Empfindungen, die einander zwar hemmen, aber
141 1171 1299 1219 keine Stösse, keine Intermissionen aufweisen könnten, wie sie eben
143 1211 1301 1252 das Kennzeichen der Schwebungen sind. Erst wenn derselbe
137 1252 1307 1299 Körper (wie z. B. die Luft) zugleich einem zweifachen Impulse
145 1299 1303 1340 folgen soll, ist eine Interferenz der Schwingungen möglich, auf der
139 1340 1305 1379 die Schwebungen beruhen, indem sich die beiden ungleichen Impulse
142 1381 1306 1424 abwechselnd verstärken und abschwächen. Und dies ist auch bei
146 1420 1304 1465 den mitschwingenden Theilen des inneren Ohres wirklich der Fall.
142 1459 619 1514 Derjenige Theil, dessen
145 1500 612 1549 Eigenton (auf der neben¬
149 1548 610 1597 stehenden Figur h, welches
144 1588 608 1627 hier, wie die übrigen Buch¬
138 1628 612 1674 staben der unteren Reihe,
149 1666 614 1715 tonschriftliche Bedeutung
138 1708 610 1763 hat) von einem objectiv ge¬
137 1747 612 1803 gebenen Tone (b) um eine
143 1795 612 1844 halbe Tonstufe entfernt ist,
145 1835 1300 1882 wird durch das Erklingen des gegebenen Tones zu $$MATH der vollen
147 1877 1307 1923 Intensität des Mitschwingens gebracht. Wenn nun ausserdem auch
146 1922 1305 1964 noch sein Eigenton (h) erklingt, schwingt er zugleich mit der vollen
140 1963 1301 2003 Intensität mit, erhält also einen doppelten ungleichen Impuls, der
138 2005 1301 2052 dann Schwebungen hervorruft, die sich in der Empfindung als ein
