1407 2241
654 67 715 108 62
119 148 1279 191 zeichnet.*) Es mag die betreffende Reihe hier nochmals Platz
110 192 241 235 finden:
197 442 1274 488 Wenn die Klangfarben, die von Einfluss auf die Entwickelung
110 483 1270 532 des Gehörs sind, noch so mannigfaltig wechseln, so gleichen sich
122 530 1269 571 diese Verschiedenheiten im Ganzen genommen doch dahin aus, dass
119 570 1270 610 man berechtigt ist, die tieferen Partialtöne sowohl als die häufi¬
110 619 1263 663 geren, **) wie als die stärkeren zu betrachten. Eine natürliche Folge
118 653 1263 699 dieser Erscheinung ist es nun, dass sich an den häufiger vorkom¬
111 699 1265 739 nenden und stärkeren Partialtönen, also an den tieferen, die Ver¬
113 739 1272 782 wandtschaft früher geltend gemacht und im Verlaufe der Zeiten
117 786 1270 836 auch ein grösseres Gewicht erlangt hat, als an den höheren, die
202 899 1261 945 *) Durch das Heranziehen der subjectiven Untertöne zur Erklärung
115 931 1256 972 der Consonanz und Verwandtschaft wäre offenbar bezüglich der Intervallen¬
108 964 1269 1003 lehre gar nichts gewonnen, da ja die Abstände der subjectiven Untertöne
115 1000 1269 1036 genau dieselben sind, wie jene der objectiven Obertöne, nur in umgekehrter
118 1033 258 1084 Ordnung
204 1243 1268 1283 * Auch innerhalb Eines und desselben Klanges kommen
118 1276 1259 1314 die consonanteren Intervalle häufiger vor, als die minder consonanten. So
113 1310 1272 1356 hat jeder Partialton auch seine Octave, jeder geradzahlige seine Quinte,
115 1343 1271 1379 jeder, dessen Ordnungszahl durch 3 theilbar ist, seine Quarte u. s. f. im
108 1379 1263 1419 Klange selbst. Von etwas anderen Gesichtspuncten ausgehend, nämlich
120 1409 1261 1444 von dem Einflusse der Häufigkeit gewisser Intervalle auf die Empfind¬
115 1442 1265 1476 lichkeit des Gehörs für die Reinheit derselben, gelangte Prever (Ueber
114 1470 1261 1515 die Grenzen der Tonwahrnehmung, S. 60) zu derselben Betrachtungsweise
109 1509 1265 1549 und stellte eine Tabelle zusammen, die hier wiedergegeben werden mag,
110 1541 1266 1579 da sie geeignet ist, unsere bisherigen Untersuchungen bestens zu illustriren:
