1407 2241
648 65 800 120 102 —
117 152 1286 203 Wie das Musiksystem nicht über die Verwandtschaft einzelner Töne,
111 199 1292 246 d. h. über die Consonanz entscheidet, so entscheidet es auch nicht
114 240 1280 292 über die Verwandtschaft der Dreiklänge. Im Gegentheil: jedes
111 279 1283 325 System gründet sich auf die Verwandtschaft der Klänge, das homo¬
102 318 1285 375 phone auf die Verwandtschaft einzelner Töne, das harmonische auf
111 367 1282 411 jene der Dreiklänge. Nur eine Bevorzugung dieser oder jener
113 410 1288 454 Verwandtschaftsstufe kann — innerhalb gewisser Schranken — die
113 448 1279 497 besondere Beschaffenheit des Musiksystems veranlassen, indem es
102 495 1280 543 auf die Gewohnheit unseres Gehörs einwirkt — aber nichts weiter.
196 536 1289 583 v. Oettingen erklärt zwar*), er wolle „unmittelbar die
105 574 1280 624 Principien der Verwandtschaft der Töne auf die Accordfolge über¬
110 621 1279 670 tragen. Wenn die Quinten, und demnächst die Terzen als nächst¬
114 666 1279 710 verwandte Töne galten, so werden wir ein Gleiches hier beobachten“.
116 687 1282 751 Allein seine weiteren Ausführungen zeigen, dass auch er sich blos
107 749 1270 798 innerhalb der Schranken der Tonleiter bewegt. Ein „Terzschritt
114 791 1280 838 ist ihm z. B. nicht c und er sondern c“ und e“. Die unmittel¬
113 831 1126 878 bar verständlichen Folgen sind nach v. Oettingen nur:
207 869 1200 928 1) c % 2) c (+ 3) c 6%
543 910 848 969 4) „ 50
107 952 842 1008 und als fünfte der „antinome Wechsel“:
544 996 858 1051 5) ... 60.
106 1034 1286 1095 Alle übrigen Folgen sind demgemäss nur durch Vermittelung ver¬
108 1084 1283 1134 ständlich. Der Schritt c .. as muss durch co vermittelt werden,
108 1128 1283 1169 car durch er und er oder durch fr und ge, er . . . es
113 1169 1103 1216 durch g“ und ge, g° durch g oder c0 u. s. f.
191 1206 1278 1262 Es ist aber nicht einzusehen, warum man sich scheuen sollte,
106 1248 1280 1295 die Verwandtschaft der Klänge consequent auch in Bezug auf die
110 1290 1282 1343 Accordfolge auszubeuten. Wenn der „antinome Terzschritt“
108 1336 1283 1382 cee unmittelbar verständlich ist, so wird es wohl auch
102 1377 1282 1423 der „homonome Terzschritt“ ge sein, als eine Folge von
107 1418 1285 1459 unmittelbar verwandten Klängen. Und wenn man die harmonische
113 1457 1276 1506 Verwandtschaft dieser letzteren zwei Klänge in der einstimmigen Fort¬
102 1494 1279 1547 schreitung e. e ohne irgend welche Vermittelung anerkennt,
107 1534 1279 1585 warum sollte eine Vermittelung nöthig sein, sobald die Klänge nicht
112 1583 1278 1630 durch einzelne Töne, sondern durch ganze Accorde vertreten sind?
191 1625 1283 1672 Hauptmann ging in diesem Puncte noch viel weiter. Er
107 1669 1282 1710 erblickte das Wesen der Accordverwandtschaft in der Gemeinsam¬
107 1710 1275 1754 keit gewisser Töne und führte den daraus sich ergebenden Ge¬
108 1754 1274 1798 danken, dass zwei gemeinschaftliche Töne eine stärkere Verwandt¬
107 1794 1281 1846 schaft bedingen, als ein einzelner, consequent durch. c“ und es sind
106 1831 1284 1887 ihm näher verwandt als er und g“, und da „nur der Uebergang
109 1880 1284 1929 in das Nächste die unmittelbar verständliche Folge ist“, so ist
104 1919 1278 1971 „der Uebergang aus c—2—g nach f—a—c, der in die Lage
186 2007 518 2063 *) A. a. O. S. 139.
