1407 2241
688 67 764 108 15
142 147 1304 196 werden aus dem analogen Grunde „Summationstöne” genannt.
145 197 1300 243 Die letzteren sind viel schwächer als die ersteren, so dass sie in
143 236 1301 292 der praktischen Musik kaum irgend eine Bedeutung haben können;
151 283 1298 331 die Differenztöne dagegen machen sich bei einzelnen Instrumenten,
150 324 1294 364 wie z. B. beim Harmonium, oft in störender Weise geltend, nament¬
144 363 1296 411 lich bei gewissen an sich harmonischen Accorden. *) In der fol¬
151 403 1302 453 genden Tabelle finden sich die beiden Arten von Combinationstönen
142 451 1300 491 für gewisse Intervalle zusammengestellt; wo zwei benachbarte Töne
140 493 1291 532 statt eines einzigen angegeben sind, liegt der betreffende Combi¬
149 536 1297 579 nationston zwischen beiden, konnte somit nicht anders notirt
148 579 285 620 werden.
226 1219 1293 1260 Aber nicht nur die beiden ursprünglich gegebenen Töne eines
140 1260 1294 1300 Intervalles verursachen Combinationstöne; die letzteren können in
153 1300 1300 1347 Verbindung mit den ersteren abermals neue Combinationstöne,
140 1339 1301 1388 zweiter Ordnung, diese mit den primären Tönen und den Tönen
142 1380 1294 1426 erster Ordnung wieder neue Combinationstöne, also dritter Ord¬
140 1420 1300 1468 nung u. s. w. hervorrufen. In der nachstehenden Uebersicht sind
228 1531 1292 1577 *) Eine sehr einfache, jedermann zugängliche Methode der Erzeugung
141 1571 1292 1604 von Differenztönen empfiehlt sich namentlich zu Unterrichtszwecken: Wenn
142 1610 1299 1643 man in ein kleines Stimmpfeifchen („Normal-” oder „Stimm-A”, wie es
141 1636 1301 1675 Musikern hinlänglich bekannt ist), das angeblasen den Ton a{′ giebt, statt
139 1669 1294 1708 nur zu blasen einen anderen Ton hineinsingt (allerdings mit einer
135 1708 1291 1739 schwachen, mehr brummenden Stimme), so sind alle Bedingungen zur
139 1737 1287 1779 Entstehung von Combinationstönen vorhanden und man hört schöne, deut¬
142 1770 1287 1811 liche Differenztöne erster Ordnung, sobald man die Stärke des in's Pfeif¬
144 1803 1294 1843 chen gesungenen Tones dem durch das Pfeifchen selbst hervorgebrachten
140 1843 1288 1876 anzupassen gewusst hat. Singt man in das a{′-Pfeifchen nacheinander die
146 1867 1295 1909 Töne: c′, cis{{′, d{′, so erhält man die Differenztöne: f, e{, d{ so deutlich
137 1907 1291 1948 und vernehmlich, als man sich es bei Anwendung so geringer Mittel nur
143 1939 1294 1979 wünschen kann. Man bringt auf diese Weise mit Hülfe eines kleinen auf
142 1979 1299 2019 einen einzigen Ton gestimmten Pfeifchens ein dreistimmiges Sätzchen zu
143 2009 256 2051 Stande.
