1407 2241
669 67 723 116 42
246 155 1282 196 Octave oder Quinte“. Es sind dies: die kleine Terz
243 195 731 243 und die kleine Sexte.*)
210 236 1274 283 Im Zusammenhange mit diesen Untersuchungen spricht nun
117 284 1281 323 Helmholtz**) den Grundsatz aus: „Verwandt im ersten
113 324 1271 364 Grade nennen wir Klänge, welche zwei gleiche Par¬
110 371 1280 418 tialtöne haben; verwandt im zweiten Grade solche,
121 411 1281 451 welche mit demselben dritten Klange imersten Grade
113 450 456 492 verwandt sind.“
201 490 1277 535 So lange es sich blos um die Annehmlichkeit einerseits, um
112 531 1271 588 die Rauhigkeit der sinnlichen Empfindung andererseits handelt,
119 579 1276 620 lässt sich offenbar nicht das Geringste gegen diese scharfsinnige
118 620 1281 660 und exacte Theorie einwenden. Die Coineidenz der Partialtöne ist
114 659 1274 708 das positive, ihre Schwebungen sind das negative Moment der
118 709 1273 748 objectiven akustischen Wirkung des Zusammenklanges. Freilich
115 748 1279 794 erscheint die Coineidenz als eine blosse Verstärkung
115 796 1278 843 gewisser Partialtöne, von der es noch dahingestellt bleiben muss.
114 829 1271 875 ob sie von unserem Gehöre wirklich auf Rechnung des Zusammen¬
120 875 1281 916 klanges und nicht vielmehr auf Rechnung der Klangfarbe der
117 916 1278 953 Einzelklänge gesetzt wird. Es klingt ja z. B. das Octavinter¬
125 955 311 1005 vall c—el:
119 1083 1272 1122 nicht anders, als wenn die Prime allein, jedoch in ihren gerad¬
119 1123 1270 1179 zahligen Partialtönen verstärkt, daher in der Klangfarbe geändert,
117 1164 266 1212 aufträte:
120 1251 423 1300 Die Quinte 6—0:
119 1371 1275 1419 wird wieder gerade so klingen, als ob im Klange des c der dritte,
113 1411 1271 1459 sechste, neunte u. s. f. Partialton verstärkt wäre, im Klange des g
118 1451 821 1499 hingegen die geradzahligen ganz fehlten:
110 1579 1276 1620 Das Letztere tritt bekanntlich bei der Klangfarbe der Clarinetten
115 1619 1273 1667 ein. Wir können daher sagen, dass die Coincidenz der Partialtöne
111 1666 1269 1707 an und für sich höchstens die Klangfarbe der Intervallbestandtheile
197 1771 1266 1811 *) Zu bemerken wäre noch schliesslich, dass Helmholtz auch den
112 1803 1272 1847 Schwebungen der Combinationstöne eines Zusammenklanges Ein¬
114 1840 1268 1877 fluss auf den Grad der Consonanz und Dissonanz zugesteht. Allein die
110 1874 1270 1915 Combinationstöne können doch nicht als allgemeingültiges Princip der
118 1907 1276 1948 Consonanz angesehen werden, da sie ja nur in gewissen Fällen (z. B. am
106 1939 1271 1979 Harmonium) in hinreichender Stärke auftreten. Wir sehen daher im Fol¬
112 1977 532 2020 genden von ihnen ganz ab.
174 2008 487 2060 **) A. a. O. S. 407.
