1407 2241
682 67 767 108 105
140 155 1306 196 Klangfolge. Auch diese muss „aufgelöst” werden
134 203 1304 243 durch den nachträglichen Eintritt des Vermittlers:
141 298 1304 340 So wird der bereits gethane Schritt hinterher gerechtfertigt, indem
135 345 1304 388 der organische Zusammenhang zwischen den mittelbar verwandten
138 381 1295 427 Klängen aufgezeigt wird. Da die Reihe c+ . . . g+ . . . d+ oder
147 427 1298 467 c+ . . . f+ . . . b+ die natürliche, der Verwandtschaft nach
139 467 1293 515 ursprüngliche ist, so haben wir mit dem d+ bez. b+ gewissermassen
146 509 1296 556 dem normalen Gange vorgegriffen; v. Oettingen nennt deshalb
142 553 984 601 diese Art der Klangfolge die vorgreifende *).
226 611 1298 660 Selbstverständlich braucht nach c+ . . . d+ der rechtfertigende
142 651 1297 698 Klang g+ nicht unmittelbar zu folgen; es kann eine ganze Reihe
142 699 1299 748 anderer, „durchgehender” Accorde zwischen d+ und g+ eingeschaltet
143 739 1298 780 werden, wenn nur die drei Hauptmomente der vorgreifenden Klang¬
133 780 1234 828 folge — die beiden mittelbaren Verwandten und ihr Vermittler —
142 826 1294 867 irgendwie, z. B. metrisch, hervorgehoben sind. Uebrigens braucht
137 868 1299 914 auch nicht immer der eigentliche Vermittler das Ziel der Bewegung
135 907 1291 954 zu sein; es genügt, wenn überhaupt vom zweiten Klange aus, hier
141 953 1290 1003 von d+, auf correcte Weise irgend ein Accord erreicht wird,
141 995 1297 1036 welcher mit dem ersten Klange, c+, eine nahe, leicht fassliche
146 1036 1295 1082 Verwandtschaft aufzuweisen hat, so dass dieser nun aus seiner
139 1076 1292 1131 bisherigen Isolirtheit heraustritt und sich in organische Beziehung
134 1122 1296 1163 zu der nach d+ folgenden Reihe setzt. Ebenso ist leicht einzu¬
138 1169 1287 1203 sehen, dass mehrere vorgreifende Folgen unmittelbar aneinander¬
132 1210 1298 1251 gereiht werden können, indem statt des rechtfertigenden Vermittlers
133 1243 1293 1289 ein anderer Klang durch einen vorgreifenden, abermals der Recht¬
134 1291 1039 1331 fertigung bedürftigen Schritt erreicht wird. Z. B.:
135 1514 1295 1555 Nach c+ . . . d+ sollte der Vermittler g+ folgen, allein es tritt
135 1555 1288 1595 statt dessen h{0 ein, das wohl mit c+ unmittelbar, mit d+ aber nur
134 1602 1287 1636 mittelbar verwandt ist. Die Folge d+ . . . h{0 muss daher aber¬
137 1636 1294 1675 mals gerechtfertigt werden; es tritt jedoch das mit beiden Klängen
140 1674 1287 1724 unmittelbar verwandte g+ nicht sogleich, sondern erst nachdem f+
138 1721 472 1772 vorangegangen, ein.
214 1769 1294 1819 Diese wenigen Andeutungen werden genügen, um die Wichtigkeit
137 1811 1297 1852 der vorgreifenden Klangfolge für die musikalische Theorie erkennen
133 1851 1283 1899 zu lassen. Es ist dies eine jener Kunstregeln, die innerhalb ge¬
129 1903 1293 1947 wisser Grenzen die künstlerische Freiheit vollkommen gewähren
210 2011 605 2053 *) A. a. O. S. 146, 148.
