1407 2241
695 65 751 108 49
147 147 1295 196 zu machen, erzählt*): „Eine solche Feinheit des Unterscheidungs¬
151 201 1304 235 vermögens, welche bei jeder Probe und allen Vexirversuchen sich
146 235 1302 283 bewährt, ist nur wenigen eigen, nämlich nur Denen, welche sich
145 289 1305 324 viel mit Tönen beschäftigen: Violinspielern, Verfertigern akustischer
145 323 1305 363 und musikalischer Instrumente und Stimmern, aber auch bei einem
145 363 1299 405 Kliniker, der im Auscultiren und Percutiren sehr geübt ist, und
150 403 1298 450 bei einem Linguisten, welcher dialektische Unterschiede in der
148 451 1306 491 Aussprache ungemein scharf zu beobachten gewohnt ist, fand ich
148 492 1307 532 diese erstaunliche Sicherheit des Urtheils, nicht bei Clavier¬
146 531 1289 579 spielern.“ Nichtsdestoweniger behält das Gehör, bei aller Cor¬
144 578 1297 627 ruption seines Unterscheidungsvermögens für objectiv gegebene
147 619 1295 659 Tonverhältnisse, seine Fähigkeit, die harmonische Bedeutung der
146 659 1302 699 Intervalle nach der natürlichen Stimmung zu erkennen, im vollsten
146 699 1297 748 Masse. Wenn sich im Verlaufe eines Tonstückes die kleine Sexte
145 741 1301 788 c—as einfindet, erkennen wir sie als kleine Sexte an, selbst wenn
147 790 1308 828 sie noch so stark verstimmt wäre, und verwechseln sie nicht mit
144 828 1298 868 der übermässigen Quinte c—gis, obgleich diese in der temperirten
147 875 1303 923 Stimmung nicht anders klingt, als c—as. Dies letztere gilt uns
151 918 1301 963 immer als Consonanz, jenes erstere, die übermässige Quinte, immer
147 963 1301 1020 als Dissonanz. Ebensowenig verwechseln wir das dissonante 1—gis
149 1008 1300 1060 mit dem consonanten fas, obgleich der objective Klang in der
152 1052 1303 1101 temperirten Stimmung, z. B. auf dem Claviere oder auf der Orgel
146 1097 1294 1146 geradezu identisch ist. Wäre die Macht jener musikalischen Ge¬
152 1139 1307 1180 wohnheit wirklich so gross, dass sie aus einfachen Tönen gebildeten
151 1177 1304 1220 Intervallen ihren harmonischen Werth verleihen könnte, so hätten
146 1220 1300 1267 wir schon längst aufhören müssen, den geringsten Unterschied
144 1267 1300 1307 zwischen enharmonischen Tonstufen zu machen, das Intervall von
142 1307 1297 1355 acht temperirten Halbtönen müsste immer dieselbe Rolle spielen,
148 1347 1296 1388 dürfte nicht einmal consoniren, das anderemal dissoniren, je nach¬
150 1387 1305 1427 dem es die kleine Sexte oder die übermässige Quinte ist. In der
149 1426 1302 1475 temperirten Stimmung existirt nur das „Intervall von acht tempe¬
147 1470 1297 1515 rirten Halbtönen“, nicht ein gis neben einem as, nicht eine über¬
143 1528 1299 1571 mässige Quinte neben einer kleinen Sexte; der Klang beider, daher
146 1570 1306 1603 auch die Coineidenzen und Schwebungen derselben sind immer
147 1611 1308 1644 absolut dieselben, in Folge dessen bleibt sich auch der Grad der
151 1643 1281 1683 Annehmlichkeit oder Rauhigkeit des Zusammenklanges gleich —
147 1684 1297 1731 nur unser Gehör macht hier aus eigenem Antriebe einen Unter¬
142 1732 1304 1770 schied. Unser Ohr temperirt eben nicht und lässt sich
145 1771 1295 1811 in seiner Anhänglichkeit an die Harmonik der natür¬
149 1810 1307 1849 lichen Stimmung durch nichts irre machen. Aus dieser
146 1852 1302 1899 wichtigen Thatsache folgt zunächst ein Doppeltes: Erstens bildet
146 1899 1300 1939 die natürliche Stimmung die einzige mögliche Grund¬
242 2002 1098 2051 *) „Ueber die Grenzen der Tonwahrnehmung.“ S. 30.
