1407 2241
668 75 708 123 VI
111 163 1266 204 wohl hier und da etwas skizzenhaft bleiben. Dass schliesslich die
106 204 1257 248 Untersuchung über die Gründe des Wohlgefallens an der Conso¬
109 251 1263 300 nanz sich mit einer einfachen psychologischen Erörterung begnügen
110 290 1264 331 konnte, ohne an die geheimnissvollen Pforten der Metaphysik zu
108 335 1258 379 pochen, wird der Leser mit Rücksicht auf den principiellen Stand¬
114 377 1270 419 punct dieser Schrift leicht einsehen, hoffentlich auch billigen. Der
105 411 1265 467 Musiker wenigstens, an den ich hier vor Allen gedacht habe,
108 458 1267 499 dürfte das Heranziehen entfernter und tiefer liegender philo¬
110 499 1267 548 sophischer Fragen, die an den Resultaten ohnehin nichts geändert
110 539 526 590 hätten, kaum vermissen.
183 604 697 644 Prag, im September 1878.
1026 730 1180 788 O. H.
