1407 2241
660 66 725 116 130
110 156 1259 194 Dissonanzen dieser Art sind allerdings ziemlich selten; ein Bei¬
114 195 1266 243 spiel, das verhältnissmässig häufig anzutreffen ist (wenngleich meist
113 240 1263 283 als melodischer Durchgang), wäre etwa der aus drei Klängen zu¬
108 284 530 323 sammengesetzte Accord:
114 407 1269 443 welcher sich nach c+ auflöst, indem der erste und zweite seiner
111 444 1263 483 Klangbestandtheile, f+ und g+, mittels eines harmonischen Quinten¬
111 483 1259 531 schrittes, der dritte, h{+, aber mittels eines melodischen Leiteton¬
116 537 1263 580 schrittes nach c+ gelangt. Da uns die Untersuchung weiterer
108 570 1263 618 mehrklängiger Dissonanzen nichts wesentlich Neues bieten würde,
110 611 975 651 können wir hier füglich von ihr Umgang nehmen.
