1407 2241
654 67 723 108 58
117 144 1267 196 früher (§ 6) von den subjectiven Untertönen gesagt haben und
123 189 1270 236 was in gleicher Weise von den subjectiven (entotischen) Obertönen
119 241 1260 275 zu behaupten ist: sie müssten mit dem Grundtone zu einer untrenn¬
116 275 1271 316 baren und unveränderlichen Einheit verschmelzen, welche die
120 315 1271 363 Qualität der Tonempfindung unverrückbar feststellen würde. Dann
124 357 1265 403 wären die zwei Klängen gemeinschaftlichen Partialtöne allerdings
119 410 1272 450 ein gewisses Verwandtschaftsmoment, auch wenn sie gar nie in's
117 443 1267 484 Bewusstsein kämen; allein dieses Verwandtschaftsmoment besässe
121 484 1271 530 kaum die hinreichende Stärke, um schon allein für sich die Basis
115 530 1268 571 für eine Entwickelung der Tonverwandtschaft abgeben zu können.
119 571 1273 610 Man bedenke nur, dass die Intensität der Partialtöne nach der
114 611 1269 652 Höhe zu abnimmt, so dass z. B. bei einer gestrichenen Violine, die
111 665 1274 707 den regelmässigst zusammengesetzten Klang besitzt, die Intensitäten
116 703 1264 748 vom Grundtone angefangen 1. ¼, ½, 1/16. 15, 1/36, 19; 1/64 u. s. f.
117 738 1262 779 betragen. Bei einer kleinen Terz wäre es der sechste Partialton
119 779 1261 825 des Grundtones, bei einer kleinen Sexte sogar erst der achte, der
119 821 1270 876 das gemeinschaftliche Element des Intervalles bildet; jener beträgt
111 867 1263 907 aber nur 136, dieser nur 1/64 der Stärke des Grundtones. Seine
118 907 1266 946 Wirksamkeit müsste wohl durch den Einfluss der Schwebungen
115 954 1263 995 genügend paralysirt werden, wenn ihm nicht etwas Anderes zu
121 995 1263 1035 Hülfe käme; es lässt sich kaum denken, dass über das Verhältniss
115 1036 1259 1075 zweier Klänge nicht die Grundtöne selbst, sondern die sehr
107 1076 1261 1128 schwachen, untergeordneten Partialtöne allein entscheiden sollten,
113 1115 1257 1170 auch gegen die ungeheuere Uebermacht der einander fremden,
106 1163 664 1204 sogar widerstrebenden Elemente.
195 1204 1262 1243 Zum Glück sind die Klangfarben von der mannigfaltigsten Art.
110 1244 1266 1292 Es giebt einfache oder fast einfache Töne, manche Klänge sind
107 1283 1259 1323 ziemlich regelmässig gebildet, so dass die Intensität der Partialtöne
109 1323 1259 1369 nach oben zu allmälig abnimmt, bei anderen zeichnen sich gewisse
115 1362 1255 1409 Obertöne durch eine bosondere Kraft aus, bei noch anderen fehlen
110 1407 1263 1451 manche Obertöne ganz und gar, mitunter ist es nicht einmal der
110 1451 1257 1491 Grundton, der an Stärke die anderen Partialtöne übertrifft u. s. w.
112 1491 1255 1531 Die Partialtöne sind durchaus nichts Wesentliches
109 1531 1259 1571 für den einzelnen musikalischen Klang, den unser
113 1573 1264 1619 Ohr auffasst; wir vertragen die verschiedensten Aenderungen
115 1612 1262 1668 der Klangfarbe ohne den Grundton, um dessen Qualität, d. h. Höhe,
107 1659 1260 1699 es sich handelt, zu verkennen. Manchmal geschieht es beim Gebrauch
109 1699 1252 1739 der Tonwerkzeuge, dass ihr Klang durch das auffallende Hervor¬
108 1740 1259 1795 treten gewisser Partialtöne ganz geändert, alterirt wird, ja sogar,
106 1787 1254 1827 dass die Partialtöne an Intensität dem Grundton nicht nur gleich¬
109 1827 1256 1876 kommen, sondern ihn, wie bereits angedeutet, auch übertreffen,
108 1868 1255 1915 geradezu in den Hintergrund drängen. Man erinnere sich an das
105 1907 1260 1955 absichtliche Flageolet der Streichinstrumente, wie an die analoge
106 1956 1248 1995 unbeabsichtigte Erscheinung beim incorrecten Bogenstrich des An¬
99 1995 1252 2036 fängers, an die verschiedenen Naturtöne, die man durch geändertes
