1407 2241
670 68 726 107 44
121 155 1278 202 tives, d. h. störendes Moment im Zusammenklange zweier Töne,
118 201 1263 236 während wir versuchen müssen, das jedwedem Intervall charak¬
115 235 1273 276 teristische positive Element aufzufinden . . . . Es muss daher
116 276 1275 323 ein anderes Princip gefunden werden, nach welchem nicht der
125 322 1269 362 Wohlklang oder die Rauhigkeit des Intervalles, sondern die har¬
118 363 1269 403 monische Bedeutung desselben beurtheilt werden kann. Im Principe
114 404 1278 450 der Klangverwandtschaft, oder — um sogleich auf den dualistischen
117 450 1276 494 Gegensatz hinzudeuten, — im combinirten Princip der Tonicität
115 491 1273 531 und Phonicität werden wir das gesuchte positive Element
114 537 1268 579 erkennen. Unter Tonicität eines Intervalles oder Accordes ver¬
115 577 1273 619 stehe ich die Eigenschaft desselben, als Klangbestandtheil
110 627 1278 660 eines Grundtones aufgefasst werden zu können. Diesen
117 660 1275 699 Grundton nenne ich den tonischen Grundton . . . . . Unter
114 699 1275 747 Phonicität eines Intervalles oder Accordes verstehe ich die
110 740 1280 787 Eigenschaft desselben, stets irgend welche allen Tönen
116 793 1279 835 gemeinsame Partialtöne zu besitzen. Den tiefsten der
116 834 1270 868 allen gemeinsam zukommenden Partialtöne nenne ich den coinci¬
116 868 1275 915 direnden oder phonischen Oberton.” So kann z. B. die
123 908 1274 961 Quinte c′—g′ aufgefasst werden als Theil (2. und 3. Partialton)
119 947 1281 995 des Klanges c; dieser ist ihr „tonischer Grundton”. Aber auch
114 995 1279 1035 in den Klängen der harmonischen Untertöne des letzteren ist das
114 1035 1279 1091 Intervall c′—g′ enthalten, also in C, F1, C1, As}2, F2 u. s. w.
119 1090 1266 1132 Der „phonische Oberton” der Quinte c′—g′ ist g2; seine harmo¬
115 1131 1278 1170 nischen Obertöne: g3, d4, g4, h{4, d5 u. s. w. sind natürlich beiden
110 1170 1275 1211 Bestandtheilen jenes Quintintervalles gleichfalls als Partialtöne ge¬
107 1218 1273 1260 meinsam. In diesen Beziehungen offenbart sich eine consequente
115 1251 313 1299 Symmetrie:
120 1427 1274 1467 Der tonische Grundton ist ebensoweit vom tieferen Intervallgliede
116 1466 1280 1515 (c′) entfernt, wie der phonische Oberton vom höheren (g′). Ebenso
123 1507 868 1554 verhält es sich mit einem ganzen Accorde:
111 1804 1275 1844 Der ton. Grundton ist von der Prime des Durdreiklanges ebenso¬
114 1843 1265 1890 weit entfernt, als der phon. Oberton von der Quinte des Moll¬
115 1891 1277 1938 accordes; der phon. Oberton von der Durquinte ebensoweit, als
125 1931 791 1971 der ton. Grundton von der Mollprime.
213 1971 1280 2011 Wie nun jedes Intervall, das Bestandtheil irgend eines Klanges
119 2011 1274 2053 ist, selbst diesen letzteren (also seinen tonischen Grundton) ver¬
