1407 2241
712 67 748 107 5
148 147 1310 196 Die letztere Tonhöhenbestimmung treffen wir in der Tabelle an.
150 195 1315 236 Wir sehen daraus: Die durch Quintenschritte erreichte
150 245 1309 291 gr. Terz ist höher, als die direct durch einen Terzen¬
147 290 1034 324 schritt bestimmte, und zwar im Verhältnisse
396 355 1313 428 334,125:330 = $$MATH = 81:80, welches ein
151 435 1304 476 syntonisches oder didymisches Komma (auch Komma
149 482 1304 523 schlechthin) genannt wird. Jene heisst die pythagoräische
155 515 1301 564 Terz (weil Pythagoras die musikalischen Tonverhältnisse aus¬
148 566 1301 604 schliesslich durch Quinten- und Octavenschritte bestimmt wissen
146 604 1309 644 wollte), diese die natürliche (weil sie durch Zerlegung der Saite
153 644 1303 684 in aliquote Theile entsteht und in der Reihe der natürlichen Ober¬
148 692 948 739 töne der musikalischen Klänge enthalten ist).
239 732 1305 772 Nicht anders, als mit der grossen, verhält es sich auch mit
146 771 608 814 der kleinen Terz. So ist
154 980 1301 1027 Somit erhalten wir zwischen der pythagoräischen und der natür¬
150 1027 1296 1067 lichen kleinen Terz abermals das vorige Verhältniss des Komma —
155 1067 1306 1107 doch umgekehrt; die erstere ist das kleinere, die letztere das
155 1106 473 1163 grössere Intervall:
152 1251 1299 1299 Um diese wichtigen Unterschiede der pythagoräischen und natür¬
154 1298 1304 1340 lichen Intervalle auch in der Schrift anzudeuten, wurden ver¬
151 1339 1298 1386 schiedene Mittel in Anwendung gebracht. Moritz Hauptmann *)
146 1379 1302 1422 bezeichnete die durch Quintenschritte gefundenen Terzen mit
151 1421 1300 1468 gleichen (grossen oder kleinen), die unmittelbar bestimmten mit
151 1460 1301 1501 verschiedenen Buchstaben: C—E oder c—e wäre also eine pytha¬
147 1501 1300 1554 goräische grosse, c—es oder C—Es eine ebensolche kleine Terz,
149 1547 1299 1587 C—e, c—E, C—es, c—Es wären natürliche Intervalle. A. v. Oet¬
141 1587 1300 1627 tingen **) schlug die bequemere Bezeichnung der Kommaunter¬
149 1628 1305 1666 schiede durch horizontale, über oder unter dem Buchstaben anzu¬
149 1667 1300 1708 bringende (von Hauptmann nur für ein Doppelkomma ange¬
151 1707 1307 1752 wandte) Striche vor und Helmholtz stellte diese Schrift in der
148 1748 1299 1795 Weise fest, dass jeder über dem Buchstaben befindliche Strich
143 1796 1309 1836 die jenem entsprechende durch Quintenschritte gefundene Tonhöhe
238 1906 1308 1946 *) Die Natur der Harmonik und Metrik. Von M. Hauptmann.
141 1939 508 1981 2. Aufl. Leipzig 1873.
234 1978 1313 2018 **) Harmoniesystem in dualer Entwickelung. Von Dr. Arthur von
142 2011 795 2052 Oettingen. Dorpat und Leipzig, 1866.
