1407 2241
696 67 763 115 39
142 155 1292 204 und Vergleichen dort, wo es gar keine Zahlen und gar keine
138 203 1299 242 Grössen, sondern nur Qualitäten der Empfindung giebt, überhaupt
141 244 1275 283 möglich ist, mögen wir uns nun dessen bewusst sein oder nicht —
138 283 1077 332 und diese Frage muss billiger Weise verneint werden.
225 324 1306 371 Selbstverständlich müssen wir auch jegliche Zahlenmystik
137 371 1304 411 aus demselben Grunde abweisen. Von Pythagoras an bis auf
142 411 1298 452 die neuesten Ausläufer der Hegel'schen Anschauungsweise, wie
141 451 1287 499 z. B. Moritz Hauptmann's „Natur der Harmonik und Metrik“
139 499 1295 540 hat dieselbe, mehr oder minder verkappt, eine bedeutende Rolle
135 540 271 588 gespielt.
229 580 1303 627 Herbart's schon oben berührter Standpunct wird mit
141 619 1298 668 Unrecht zu den eigentlichen „mathematischen“ Theorien gerechnet.
148 667 1295 707 Von einem Zählen und Vergleichen der Schwingungen von einem
140 715 1303 754 „Messen des Gegensatzgrades von Seiten der wahrnehmenden
138 748 1301 795 Seele, ist bei ihm durchaus keine Rede. Nach Herbart wirken
134 795 1288 836 die Tonempfindungen nach Massgabe ihrer Gegensatzgrade ver¬
132 840 1298 876 schieden auf einander nach gewissen allgemeinen dynamischen
138 876 1297 923 Gesetzen, somit als Kräfte, nicht als Zahlen; sie wirken
137 916 1295 964 selbst, unmittelbar auf einander, ohne irgend ein „Messen“ oder
134 969 1291 1011 „Vergleichen“ von unserer Seite, und bringen durch ihr gegen¬
134 1004 1289 1044 seitiges Verhalten nur eine Hemmung oder Förderung des Vor¬
131 1046 1297 1091 stellens hervor, deren Innewerden eben das ästhetische Urtheil
135 1084 1291 1136 bestimmt. Die Zahl als solche spielt dabei keine andere Rolle,
130 1136 1291 1178 als bei jeder Wechselwirkung von Vorstellungen überhaupt: sie ist
131 1179 1298 1219 nur der theoretische Ausdruck der wirkenden Kräfte, dessen
129 1217 1289 1266 psychologische Bedeutung für die Theorie der Musik um nichts
130 1268 1289 1307 grösser ist, als für die Theorie der Poesie oder der bildenden Kunst.
375 1362 1039 1411 §. 9. Helmholtz und v. Oettingen.
211 1427 1292 1467 Nach der mathematischen Theorie, als deren Hauptvertreter
134 1475 1296 1516 wohl Euler angesehen werden kann, „soll die Seele die rationalen
131 1508 1292 1555 Verhältnisse der Tonschwingungen als solche wahrnehmen, nach
132 1558 1288 1596 unserer nimmt sie nur eine physikalische Wirkung jener Verhält¬
123 1602 1292 1643 nisse wahr, die intermittirende oder continuirliche Empfindung des
136 1636 1288 1675 Gehörnerven“, Mit diesen Worten bezeichnet Helmholtz*) präcis
127 1676 1290 1718 den Standpunct, den er Angesichts des Problemes, das uns eben
128 1714 1283 1763 beschäftigt, einnimmt. Die besondere Durchführung dieses Gedan¬
128 1763 1285 1804 kens**) ist bei ihm in Kürze etwa folgende: Zwei benachbarte
127 1803 1290 1844 Töne verursachen bekanntlich Schwebungen und machen dadurch
210 1899 511 1944 *) A. a. O. S. 363.
195 1927 1284 1972 **) Im 10. und 11. Abschnitt der „Lehre von den Tonempfindungen“.
121 1971 335 2011 S. 284—331.
