1407 2241
673 64 730 108 18
119 150 1280 197 ihre schwingende Bewegung. Gewisse Theile dieses Gehörapparates
127 195 1282 236 sind aber nur auf gewisse Töne abgestimmt und werden daher nur
118 240 1282 284 auf diese durch eine mitschwingende Bewegung antworten, durch
121 275 1274 323 die Bewegung dann die feinen Nervenenden, mit denen sie in Ver¬
127 316 1273 363 bindung stehen, reizen und so in ihnen jenen Zustand auslösen,
128 355 1280 409 der durch die Nervenfasern bis in's Gehirn geleitet und schliesslich
122 398 1283 451 in die Empfindung des betreffenden Tones umgesetzt wird. Auf
128 450 1277 490 diese Weise erklärt sich sehr einfach die Zerlegung der zusammen¬
123 496 1275 539 gesetzten Klänge in ihre einfachen Partialtöne, welche eben Gegen¬
122 539 1267 580 stand jenes Ohm'schen Satzes ist. Der Vergleich des Gehör¬
122 571 1280 619 apparates mit einem Claviere, von dessen Saiten auch nur diejenigen
127 618 1278 660 in's Mitschwingen gerathen, deren Eigentöne eben ausserhalb des
118 652 1277 705 Clavieres erklingen, ist jedenfalls ein sehr zutreffender und an¬
122 708 1279 749 schaulicher. Auf die Frage, welche Theile des Gehörorganes uns
126 748 1271 788 diesen wichtigen Dienst leisten, haben die Naturforscher gar mannig¬
125 788 1276 828 fache Antworten gegeben. Gegenwärtig ist die Hypothese, dass es
126 821 1278 873 die Fasern der einen Theil der Scheidewand innerhalb der Schnecke
126 868 1275 916 bildenden und der Paukentreppe zugekehrten Membrana basi¬
120 907 1278 954 laris sind, die verbreitetste und jedenfalls auch die wahrschein¬
126 946 1279 996 lichste. Doch ist es klar, dass alle diese Hypothesen, so wichtig
117 997 1274 1040 sie für den Physiologen sein mögen, keinen Einfluss haben können
123 1043 1279 1083 auf die Theorie des Hörens, soweit wir sie für unseren Zweck,
128 1075 1281 1123 für eine Lehre von den musikalischen Klängen, zu verwenden
127 1121 1284 1164 haben. Die musikalische Klanglehre ist somit in diesem
124 1163 1281 1211 Puncte von den Resultaten der physiologischen For¬
124 1198 1284 1251 schung ganz unabhängig; mögen die letzteren diese oder
120 1248 1281 1300 jene Theile des inneren Ohres als die abgestimmten und mit¬
126 1283 1283 1332 schwingenden bezeichnen: darin werden sie stets übereinstimmen,
128 1330 1274 1371 dass die Einwirkung des schallerregenden Körpers auf unsere Gehör¬
118 1362 1281 1411 nerven nicht anders zu erklären ist, als eben durch das Mit¬
122 1404 1280 1452 schwingen gewisser Theile des Organs. Natürlich kann jedes
125 1446 1286 1495 dieser mitschwingenden Theilchen auch nur eine einzige, der be¬
121 1497 1280 1540 treffenden Nervenfaser entsprechende Tonempfindung vermitteln, da
125 1531 1285 1581 es ja stets mit einer und derselben Faser in Verbindung steht und
121 1570 1278 1619 die specifische Erregbarkeit der einzelnen Fasern füglich nicht be¬
128 1623 1276 1660 zweifelt werden kann. Mit anderen Worten: alle Eindrücke,
122 1659 1284 1707 die durch ein wie immer geartetes Mitschwingen
124 1699 1284 1745 Eines und desselben Theilchens (also z. B. Einer und
125 1740 1282 1788 derselben Faser der Membrana basilaris) hervorgerufen wer¬
129 1787 1279 1834 den, können sich nur durch ihre Stärke oder Quan¬
122 1829 1290 1876 tität, nicht aber durch ihren Inhalt oder ihre Qualität
122 1873 493 1924 unterscheiden. *)
208 1961 1282 2003 *) Bekanntlich hat bereits Herbart (wie vor ihm auch Bonnet
121 2005 1281 2042 und Condillac) die specifische Erregbarkeit der Hörnervenfasern ver¬
