1407 2241
663 67 716 108 52
109 158 1269 204 nicht. Es ist nicht einzusehen, woher dann die phonische Be¬
116 195 1273 236 deutung in's Intervall käme. Das unbefangene musikalische Gehör
115 236 1268 283 muss unsere Auffassung bestätigen. Die „leere” Quinte c—g klingt
109 286 1278 323 allerdings „leer”, weil wir längst an vollere Harmonieen gewöhnt
109 327 1267 365 sind, aber darum klingt sie noch nicht phonisch. Sie macht ent¬
110 363 1271 403 schieden den Eindruck eines Duraccordes; die Terz ist vielleicht
119 404 1273 443 sehr schwach, aber sie existirt doch, wenigstens in den meisten
115 443 1267 491 Fällen, während ein es}, die Mollterz, nie in diesen Klängen vor¬
115 491 1273 532 kommen kann, also etwas durchaus Fremdes für sie ist. Man hat
115 531 1276 571 in früheren Zeiten, als man sich noch scheute, ein Tonstück mit
110 572 1271 620 einem Molldreiklang zu schliessen, die leere Quinte oder den
117 611 1271 659 Grundton allein statt des Duraccordes gebraucht. Nach v. Oet¬
116 657 1278 699 tingen ist übrigens die grosse Terz c—e nicht minder unbestimmt
118 699 1280 738 und zweideutig, als die leere Quinte — ein jeder Musiker muss
109 744 1269 787 dem widersprechen, denn unter normalen Verhältnissen wird er sie
111 786 1278 828 stets als einen c-Klang auffassen, ebenso die kleine Terz e{—g.
120 827 1278 868 Unter abnormalen Verhältnissen, d. h. wenn einem der beiden
124 867 1275 907 Töne ein künstliches Uebergewicht verschafft wird, kann die
121 916 1278 964 natürliche tonische Deutung allerdings in's Schwanken gerathen.
118 954 1275 995 Dies ist z. B. der Fall, wenn der betreffende Ton, der das gegebene
115 996 1267 1035 Intervall zu einem Molldreiklang ergänzt, zuvor sich geltend ge¬
121 1036 1276 1077 macht hat und noch frisch im Gedächtniss ist, wie im nebenstehen¬
118 1076 351 1130 den Beispiel:
120 1249 1275 1291 wo die grosse Terz c—e{ zunächst allerdings als Terz und Quinte
121 1284 1271 1338 des A-molldreiklanges aufgefasst wird. Eine Verstärkung (oder
128 1324 1283 1366 Verdoppelung) des Grundtones e{ in der kleinen Terz e{—g wird
121 1365 1281 1411 dieser jedenfalls Mollbedeutung geben, da der e{-Klang darin den
117 1413 1284 1459 g-Klang zurückdrängt und zugleich zu sehr hervorsticht, um mit
119 1450 1275 1499 ihm gemeinschaftlich im c-Klange aufzugehen — daher das Verbot,
114 1492 1267 1532 die Terz des Duraccordes (namentlich, wenn sie bereits die bevor¬
114 1531 1274 1574 zugte Stellung im Bass inne hat) zu verdoppeln. Man spiele diese
115 1571 347 1619 zwei Stellen:
119 1843 1287 1891 Bei a) wird man ebenso wenig im Zweifel sein, dass man sich
118 1888 1285 1939 gleich von Anfang an in F-dur bewegt, als bei b), dass man schon
119 1939 1282 1971 mit dem ersten Accord in A-moll ist. Wir ersehen aus diesen
123 1971 1275 2011 wenigen Beispielen, dass die natürliche tonische Deutung der Inter¬
126 2012 1280 2059 valle in der mannigfaltigsten Weise abgeändert werden kann,
