1407 2241
686 72 753 116 27
138 155 1300 204 werden, dass die Anwendung der gerissenen Saiten zwar jener der
135 211 1241 252 gestrichenen, nicht aber dem Gebrauche der Stimme vorangeht.
219 242 1295 288 Mit besonderem Nachdruck sei abermals betont, dass wir die
131 282 1298 330 Existenz der harmonischen Untertöne nicht anders, als
138 323 1300 372 nur hypothetisch auffassen können, und dass wir im ganzen
139 372 1298 411 Gebiete der Gehörwahrnehmungen keinen anderen Anhaltspunct für
142 412 1287 460 die Bekräftigung dieser Hypothese finden, als eben jenes Wohl¬
140 455 1299 508 gefallen am einzelnen Klange, für das sich aber auch noch andere
134 506 1290 539 sehr plausible Erklärungsweisen darbieten. Wir müssen uns also
135 540 1291 588 sehr reservirt verhalten gegenüber der positiven Behauptung
136 580 1290 628 Riemann's und wollen hier nur noch bemerken, dass wir nach
134 626 1289 675 dieser Hypothese eine ganz ähnliche psychologische Erscheinung
133 668 1287 705 vor uns hätten, wie bei der Verschmelzung einer Gruppe nächst¬
142 708 1294 756 benachbarter Tonempfindungen, die im vorigen Paragraph besprochen
140 753 1295 795 wurde. Hier wie dort tritt uns eine Tonempfindung entgegen, die
133 795 1292 835 ihrem Entstehen nach zwar zusammengesetzt, aber in dieser ihrer
134 835 1288 883 Zusammensetzung so absolut unabänderlich und untrennbar ist, dass
130 876 1299 922 sie füglich als ein einheitlicher, also psychologisch einfacher
138 923 1291 964 Act betrachtet werden kann. Der Unterschied zwischen
135 962 1285 1011 diesen Untertönen und den Obertönen, welche die Klang¬
140 1003 1295 1043 farbe hervorbringen, wäre also in Kürze folgender: jene wären
133 1045 1291 1091 eine nothwendige subjective Erscheinung, als deren
134 1091 1287 1131 Resultat sich eine einheitliche unzerlegbare Ton¬
133 1132 1286 1170 wahrnehmung von stets gleicher Klangfarbe dar¬
131 1172 1287 1224 stellt, diese aber ein objectives, doch unwesentliches,
127 1214 1293 1259 zufälliges Phänomen, das wir als die veränderliche
137 1260 1296 1299 Klangfarbe einer, wenn auch nicht für jedes Ohr zu¬
132 1304 1295 1341 sammengesetzt erscheinenden, so doch entschieden
126 1340 966 1386 zerlegbaren Tonwahrnehmung auffassen.
523 1434 901 1491 §. 7. Die Tonreihe.
224 1506 1285 1548 Wir haben erfahren, wie die einzelne Tonempfindung zu Stande
127 1548 1282 1595 kommt. Jetzt gilt es auch, die Art und Weise in's Auge zu fassen,
131 1588 1287 1627 wie sich das ganze Tonmateriale in ein organisch zusammen¬
135 1626 1295 1669 hängendes Ganze ordnen lässt, also zunächst: wie die Tonreihe
130 1668 276 1716 entsteht.
218 1707 1288 1756 Tonstärke und Klangfarbe betrachten wir als zufällige, un¬
132 1762 1291 1796 wesentliche Bestimmungen des musikalischen Klanges; die Tonhöhe
134 1795 1283 1837 dagegen scheint uns ein so nothwendiges, wesentliches Merkmal
137 1834 1284 1883 desselben, dass wir sie geradezu als die Repräsentantin des Klanges
130 1878 1283 1924 behandeln und diesen nach ihr bestimmen und benennen. Höhe
133 1931 1273 1964 und Tiefe des Tones sind die qualitativen Unter
133 1969 1283 2012 schiede der betreffenden Empfindungen; auch die Ver¬
125 2003 1285 2051 schiedenheiten den Klangfarbe lassen sich auf sie zurückführen.
