1407 2241
666 57 730 101 68
113 137 1277 183 ersten Blick, dass sie, wenn man das Schema als eine Fläche auf¬
108 183 1280 230 fasst, nur in einer auf diese Fläche senkrechten Richtung, also im
110 227 1277 277 Sinne der dritten Dimension, untergebracht werden könnten, wie
118 269 1282 319 etwa die helleren („mit Weiss versetzten“) und die dunkleren
111 312 1275 359 („mit Schwarz gemischten“) Farbentöne nur oberhalb und unter¬
113 356 1277 405 halb eines flächenförmigen Schemas der reinen Spectralfarben Platz
105 395 232 447 finden.
425 459 947 517 § 12. Die Melodieschritte.
190 522 1271 574 So wie wir die harmonischen Zusammenklänge in zweigliedrige
105 560 1274 614 Intervalle auflösen müssen, wenn wir die einfachsten ästhetischen
110 609 1271 653 Verhältnisse erfassen wollen, müssen wir auch der Betrachtung der
99 648 1277 697 Melodie die Erörterung der zweigliedrigen Melodieschritte
108 691 441 745 zum Grunde legen.
194 734 1273 790 Das melodische Verhältniss besteht, wie bereits bemerkt wurde,
105 778 1267 818 zwischen einem klingenden, sinnlich gegenwärtigen, und einem ver¬
105 818 1264 866 klungenen, gemerkten Tone, d. h. zwischen einer fixirten Empfin¬
113 862 1269 905 dung und einem blossen Gedächtnissbilde. Es wird also das Ver¬
105 902 1269 950 hältniss erst mit dem Eintritt des zweiten Tones perfect. Selbst¬
110 950 1271 994 verständlich wird mit Rücksicht auf die harmo¬
105 992 1267 1039 nische Verwandtschaft zweier Töne an ihrem Ver¬
101 1033 1273 1077 hältnisse nichts geändert, mögen sie gleichzeitig in
100 1076 1272 1118 zwei Stimmen oder nacheinander in derselben Stimme
103 1115 1277 1164 auftreten. Der Gebrauch der sogenannten „gebrochenen“ Ac¬
101 1150 1265 1206 corde illustrirt diesen Grundsatz am besten. Für die harmo¬
102 1202 1261 1251 nische Tonfolge werden somit dieselben Regeln gel¬
107 1238 1266 1290 ten, die wir für den Zusammenklang gefunden haben,
100 1286 1274 1324 so dass die harmonischen Schritte dieselbe absteigende Reihe bilden
105 1325 1270 1371 werden, wie die Consonanzen: Octave, Quinte, Quarte, grosse Sexte,
106 1362 1271 1412 grosse Terz, kleine Terz, kleine Sexte. Die übrigen Schritte, also
102 1407 1269 1453 diejenigen, welche zu nicht verwandten oder doch nur mittelbar
111 1451 1271 1496 verwandten Tönen führen, können sich ebensowenig als harmonisch
101 1492 1267 1533 zusammengehörig und befriedigend erweisen, wie die betreffenden
103 1529 1267 1574 dissonanten Zusammenklänge; so z. B.: die Septimen, die über¬
102 1571 964 1616 mässige Quarte, die verminderte Quinte u. A. m.
193 1607 1267 1661 Allein die harmonische Verwandtschaft (als deren Gradmesser
96 1656 1268 1700 man bei weiteren Schritten füglich die grössere oder geringere
103 1698 1270 1742 Schwierigkeit der Intonation betrachten kann) ist nicht das einzige
104 1740 1274 1784 Princip, das bei der Melodie zur Geltung kommt; neben ihr erhebt
97 1782 1264 1831 auch die Nachbarschaft der Töne ihre gerechten Ansprüche,
105 1824 1269 1874 ja wird sogar als das Specificum der Melodie hinzustellen
99 1868 1266 1910 sein, da letztere die Verwandtschaftsverhältnisse mit der Harmonie
99 1912 1266 1959 gemein hat, während die qualitative Zusammengehörigkeit benach¬
103 1951 1265 1998 barter Töne aus verschiedenen Gründen im gleichzeitigen Erklingen
102 1994 1261 2039 derselben nicht ästhetisch wirken kann. Schon die unvermeid¬
