1407 2241
714 66 749 106 3
156 147 1313 196 lich in Deutschland, in der Regel die von Scheibler im J. 1834
156 203 1319 243 vorgeschlagene Schwingungszahl 440 für das a′ allen Berechnungen
156 236 1315 284 zum Grunde gelegt. Sie empfiehlt sich hauptsächlich dadurch, dass
163 279 1306 324 sie sich beim Rechnen handlicher und bequemer erweist, als z. B.
160 324 1317 364 die Zahl 435. Ein Blick auf die folgender Uebersichtstabelle, in
160 363 1309 403 welcher die Schwingungszahlen sämmtlicher Töne der C-dur¬
154 404 1308 452 tonleiter im Umfange von 7 Octaven verzeichnet sind, genügt, um
156 455 437 493 dies einzusehen:
238 956 1301 1004 Nehmen wir die Schwingungszahl des Grundtones (C) als
145 1003 1306 1044 Einheit an, so erhalten wir für die Durtonleiter und die in ihr
150 1050 940 1091 enthaltenen Stufen folgende relative Werthe:
155 1261 1308 1307 Der Umfang jener Tabelle entspricht so ziemlich dem Umfange
152 1308 1307 1347 der in der Musik gebräuchlichsten Töne. Bei Clavieren werden
152 1347 1305 1390 eher noch in der Tiefe einzelne Töne zugegeben, als in der Höhe;
156 1389 1303 1428 das Subcontra-A2, findet man wenigstens häufiger, als das fünfmal
163 1428 1308 1474 gestrichene c5. Im Orchester pflegt der tiefste Ton der der
156 1473 1302 1515 E-Saite am Contrabass zu sein, der bekanntlich um eine Octave
155 1508 1309 1556 tiefer als er geschrieben wird, also wie E1 klingt; der höchste
151 1555 1305 1596 etwa das (um eine Octave tiefer notirte) d5 der Piccolflôte. Nur
152 1596 1299 1634 ausnahmsweise werden diese Grenzen von gewissen selteneren In¬
146 1641 1309 1681 strumenten überschritten; die Basstuben sind z. B. im Stande, bis
154 1676 1307 1715 in die Subcontraoctave (B2) herabzusteigen. Selbstverständlich ist
153 1722 1305 1763 aber mit den in der Musik gebräuchlichen Tönen noch nicht die
151 1762 1298 1803 Reihe der überhaupt wahrnehmbaren erschöpft. Nach Helm¬
148 1804 1301 1844 holtz *) genügen dem Ohre schon 30 Schwingungen in der Secunde
228 1899 1302 1936 *) Die Lehre von den Tonempfindungen, als physiologische Grund¬
151 1932 1298 1976 lage für die Theorie der Musik. Von H. Helmholtz. 3. Aufl. Braun¬
150 1971 1305 2012 schweig 1870. S. 280. Unsere Citate werden sich sämmtlich auf diese
149 2004 549 2043 dritte Auflage beziehen.
