1407 2241
698 55 756 108 67
147 148 1311 193 engsten verwandtschaftlichen Verhältnisses gewissermassen nur als
154 194 1304 234 Alterego, als Verdoppelung des betreffenden Grundtones in anderer
148 233 738 275 Lage angesehen wird und deshalb
153 276 735 323 auch den Namen des letzteren
157 313 740 363 beibehält, die Quarte und die
149 356 739 404 Sexten aber aus der Quinte und
158 404 731 452 den Terzen durch Umkehrung ent¬
150 451 742 490 stehen, so haben wir blos eine
157 484 738 532 dreifache wechselseitige
149 530 741 569 und unmittelbare Ver¬
158 571 742 613 wandtschaft, die uns zu
159 611 747 655 neuen Tönen führt: die der
157 652 740 708 Quinte, der grossen und
158 694 746 741 der kleinen Terz. Wenn wir
158 739 745 795 z. B. vom Tone c ausgehen, so
158 786 738 834 sind die directen Verwandten: g
150 827 742 867 und f, e{ und as}, es} und a{, also
155 867 382 907 schematisirt:
157 1116 736 1163 Selbstverständlich ist der Ver¬
164 1170 736 1214 wandtschaftsgrad in der Quinten¬
162 1205 745 1259 richtung am stärksten, in der
163 1243 745 1295 Richtung der kleinen Terz am
154 1291 741 1332 schwächsten. Man kann dieses
159 1331 737 1384 Schema noch erweitern, indem
156 1371 738 1418 man es auch auf die mittelbare
165 1411 744 1458 Verwandtschaft ausdehnt; auf diese
169 1451 741 1500 Weise erhält man schliesslich eine
160 1498 742 1547 das ganze Tonsystem, d. h. die
154 1539 744 1587 gesammten aus künstlerischen
159 1580 738 1617 Gründen der continuirlichen Ton¬
155 1620 743 1668 linie entnommenen discreten Puncte
162 1659 737 1707 umfassende Uebersicht, die keiner
154 1707 623 1747 näheren Erklärung bedarf.
246 1747 747 1796 Der Unerschöpflichkeit der
153 1795 736 1833 musikalischen Kunstmittel entspre¬
156 1827 736 1875 chend lässt sich dieses Schema
154 1868 742 1924 nach allen Seiten beliebig fort¬
156 1922 744 1963 setzen. Allerdings sind darin die
159 1955 738 2001 Octaven ganz unberücksichtigt ge¬
163 1995 747 2043 blieben. Man sieht aber auf den
