5958 9316
3094 641 3333 990 44
1192 1015 4551 1318 In folgendem dekachordischem Doppelschema:
890 2496 5586 2748 passen die zwischengestellten Verhältniszalen vollständig für beide
890 2700 5587 2933 Skalen. Auch die Töne selbst sind die gleichen, nur ist die
880 2889 5594 3155 zweithöchste Stufe der Mollskala um ein Komma tiefer, als die
882 3113 5590 3376 zweitniedrigste Stufe der Durskala. Die Erniedrigung der Töne
914 3273 5605 3523 der C-dur-Leiter um ein Komma haben wir nach dem Vorgange
904 3521 5606 3749 des Freiherrn von Thimus mit dem Zeichen $$GRAPHIC und die
924 3707 5591 3958 Erhöhung um das gleiche Intervall mit dem Zeichen $$GRAPHIC dargestellt,
902 3893 5599 4196 was sich als praktischer erweist, als die Bezeichnungen Haupt¬
902 4086 5581 4322 mann's und v. Oettingen's. Am Ende unserer beiden Reihen
926 4315 5599 4539 haben wir noch das syntonische Komma notirt, die Seele der
906 4528 5597 4813 eben so feinen als für die edelsten Gebilde musikalischer Kunst
918 4709 4324 4936 notwendigen enharmonischen Unterscheidungen.
1248 4879 5600 5148 Betrachten wir nunmehr unsere beiden Skalen in ihrer nähe¬
918 5123 5620 5379 ren Eigentümlichkeit, so zeigt sich sofort, dass wir es hier nicht
914 5335 5616 5551 mit der gewönlichen Dur- und Mollskala zu tun haben. Die
922 5562 5595 5772 Durleiter des reinen tonischen F-Systemes hat zwar die Tonstufen
903 5771 5238 5977 der C-dur-Leiter, aber diese Stufen haben andere Bedeutung.
1278 5924 5612 6221 Die vierte Stufe der Leiter, f = 32, hat allein den Wert
890 6213 5604 6470 der verjüngten Tonika, sie allein kann Ruhepunkt, Schlusspunkt
932 6377 5594 6628 werden. Die Skala c = 24 bis c} = 48 wird also nach mittel¬
905 6548 5625 6864 alterlicher Bezeichnungsweise eine hypolydische genannt werden
902 6826 5616 7113 müssen und entspricht dem gregorianischen VI. Kirchenton. Die
891 7159 5623 7486 Mollskala e = $$MATH bis e = $$MATH hat dagegen zur Phonika h}}}}}, deren
880 7536 5565 7900 verstärkte Form h = $$MATH ebenfalls vierte Stufe der (diatonischen)
914 7878 5617 8148 Leiter ist. Legt man, wie dies v. Thimus thut, der Phonika
894 8119 5597 8446 nur den Wert der Dominant bei, so wäre e Grund- d. h. Final¬
