5958 9354
2573 618 2842 957 19
351 998 5052 1227 versellen Durgeschlechte „unklare, trübe oder rauhe Stimmungen
356 1253 5046 1497 auszudrücken” (S. 327). Noch weniger passt dasjenige, was der
361 1429 5056 1659 von ihm an derselben Stelle citirte Aesthetiker Vischer sagt,
373 1663 5051 1884 wenn es gleich von seinem Standpunkte aus sehr prägnant ist,
344 1838 5057 2053 zu den konsequent aufgefassten Helmholtz'schen Deduktionen.
377 2054 5049 2305 Wir setzen dessen Worte (Aesthetik, dritter Teil § 772) zur
378 2229 5038 2501 Vergleichung hierher: „Der innere Unterschied von Dur und Moll
359 2462 5054 2718 ist so wesentlich, dass jede der beiden Tonweisen eine eigene Art
365 2688 5048 2899 von Tonsystem, ein eigenes Tongeschlecht, begründet. Beide
374 2819 5046 3071 Tongeschlechter haben ihre Berechtigung und charakteristische
359 3060 5031 3323 Bedeutung; aber Dur ist nicht nur das kräftigere und freiere,
360 3274 5025 3456 sondern auch das einfachere, naturgemäßere, einer weit umfassen¬
340 3470 5064 3675 deren Anwendung fähige Tongeschlecht, wärend Moll in Folge
365 3679 5020 3934 seines gedämpften, gedrückten Charakters den Typus abstrakter,
355 3862 5021 4102 rein in sich und in ihre Zustände versenkter Subjektivität reprä¬
357 4069 5052 4322 sentirt, und eben darum selbst eine individuellere, beschränktere
368 4280 5069 4531 Form ist.” Lediglich die rein musikalische Erfarung darf, wie
353 4482 5024 4705 die Umstände liegen, zur Rechtfertigung dieser beiden Sätze herbei¬
380 4718 5058 4947 gezogen werden; aber auch von diesem Gesichtspunkte aus wird
325 4942 5044 5111 man in dem letzteren derselben nur ein Körnchen Warheit finden.
336 5116 5066 5367 Ein Theoretiker des Jares 1600, der den grossen, bis heute nur
341 5347 5042 5545 verdrängten, aber keineswegs gehobenen Schatz von Tonwerken
329 5487 5059 5680 einer der herrlichsten Kunstperioden vor sich liegen hätte, würde
327 5682 5057 5945 diesen Satz zweifelsone nur mit Staunen und Befremden lesen.
351 5908 5029 6141 Jedenfalls wird der durch die Helmholtz'schen Untersuchun¬
331 6117 5055 6357 gen ans Licht gestellte grelle Widerspruch zwischen Theorie und
338 6320 5050 6536 Praxis durch ihn nicht gehoben. Wir finden es unter diesen Um¬
335 6539 5047 6773 ständen ganz erklärlich, dass zalreiche Anhänger und Schüler des
350 6741 5062 6945 grossen Physiologen sich freuen, ihn beim Worte nehmen zu
343 6922 5055 7138 können, und den natürlichen Durklang als die einzige „Seele der
341 7104 5059 7320 Harmonie” betrachten zu dürfen. Im Gegensatze hiezu kann es
343 7304 5055 7549 weiterhin nicht befremden, dass Moritz Hauptmann als
341 7511 5047 7745 strenger Verfechter des Dur- und Moll-Dualismus die Helm¬
327 7711 5063 7945 holtz'schen Resultate gar nicht verstehen wollte, und sich ihnen
379 7922 4623 8178 gegenüber mit seltener Entschiedenheit abwehrend verhielt.
669 8092 5065 8408 Die Brücke war indessen schneller gelegt, als die tiefe Kluft
