5958 9258
3237 638 3400 992 2
992 1019 5534 1257 Klängen das Durgeschlecht in auffallendster Weise bevorzugen 1),
985 1238 5632 1488 das eine wird vom Standpunkte der musikalischen Praxis nie in
984 1438 5667 1715 Abrede gestellt werden können, dass das Mollgeschlecht nicht
1013 1643 5619 1899 weniger als das Durgeschlecht im Stande ist, vollkommen be¬
990 1820 5167 2057 friedigende, wolklingende, schöne Gebilde hervorzubringen.
1316 2076 5599 2310 Die Entwickelung, welche seit dem Beginn des 17. Jarhun¬
995 2228 5619 2481 derts die musikalische Theorie genommen hat, tritt nun aber in
970 2431 5635 2748 einen bemerkenswerten Gegensatz zu der soeben gezeichneten
990 2658 5655 2960 Erscheinung in der musikalischen Praxis, und dieser Gegensatz
984 2862 5649 3160 wird durch die neuesten Entdeckungen auf physikalisch-physio¬
972 3080 5602 3294 logischem Gebiete erst recht in grelles Licht gestellt. Eine Aus¬
982 3290 5624 3525 gleichung ist bis zur Stunde entweder noch nicht gefunden, oder
951 3499 5622 3730 wenigstens bei den beteiligten Parteien nicht als solche anerkannt.
985 3692 5598 3942 Die Hauptmomente dieser historisch-theoretischen Entwickelung,
967 3881 5632 4130 soweit sie zunächst zur Klarstellung des Gegensatzes und in
961 4065 5632 4299 zweiter Linie vielleicht zur Ausgleichung dienen können, zu¬
983 4274 4598 4554 sammenzustellen, sei die Aufgabe dieser Blätter.
1316 4477 5628 4734 Die Anfänge der modernen Theorie fallen zeitlich mit den
968 4682 5650 4954 Anfängen der neueren Musik zusammen. Das Jar 1600 bezeichnet
951 4937 5634 5201 ungefär den Wendepunkt, wie dies meisterhaft C. v. Winter¬
951 5127 5598 5367 feld in seinem „Johannes Gabrieli” (Berlin, 1834) auseinander¬
974 5320 5593 5602 gesetzt hat. Die mittelalterlichen Oktavengattungen machten um
954 5552 5637 5767 diese Zeit immer mehr einer durch die Grenzen und speziellen
963 5732 5622 5980 Färbungen dieser Einzelformen nicht mehr beschränkten Anwen¬
932 5933 5602 6154 dung der beiden Tongeschlechter Platz, und hiemit gleichlaufend
951 6121 5627 6371 verlor die Skalenlehre an Bedeutung; in den Vordergrund der
930 6319 5584 6565 musikalischen Theorie trat die Accordlehre. Die ersten Versuche,
948 6514 5642 6744 bezifferte Bässe zu schreiben, fanden ihre Vervollkommnung wie
932 6712 5621 6961 auch den Beweis ihrer relativen Berechtigung zunächst in der von
936 6933 5630 7164 Rameau aufgestellten Theorie vom Fundamentalbasse. Die
930 7108 5630 7372 aus dem Mittelalter herübergeretteten Reste der antiken Zalenlehre
942 7334 5624 7556 hatten schon dem geistvollen Zarlino die Wichtigkeit der
969 7537 5600 7785 Tatsache nahe gelegt, dass die Teilung der gespannten Saite nach
924 7724 5622 8089 den Zalen 1—6 der Reihe nach einem vollständigen Duraccord
1222 8123 3666 8396 1) Doch ist auch das Gegenteil nicht selten.
