5958 9341
2629 701 2886 962 23
434 931 5156 1311 negative Prinzip zu sehr getrennt behandelt. Helmholtz
445 1254 5156 1511 musste durch die Erfarung, dass jedem Zusammenklange durch
449 1452 5160 1705 Schwebungen und Kombinationstöne Störungen erwachsen, die die
455 1656 5143 1914 Erzeuger grösserer Rauhigkeit sind, konsequent zu der Auffassung
444 1918 5155 2135 kommen, es gebe eigentlich keine Konsonanz, sondern nur größere
451 2080 5161 2349 oder geringere Dissonanz. Umgekehrt fürt das von v. Oettin¬
454 2320 5152 2556 gen geltend gemachte positive Verwandtschaftsprinzip mit Not¬
476 2514 5187 2738 wendigkeit dahin, alle Klangverbindungen als Konsonanzen zu
464 2685 5169 2918 betrachten, da alle one Ausnahme tonisch und phonisch auf einen
460 2883 5153 3130 Einheitspunkt hinweisen. Auch diese Betrachtung lässt nur gra¬
461 3090 5172 3330 duelle Unterschiede zu. Die grundsätzliche Scheidung dieser beiden
461 3296 5183 3513 Anschauungen liefert daher nur zwei neben einander her laufende
476 3486 5175 3727 Reihen, die in unversöntem und unversönlichem Gegensatze zu
443 3700 5165 3926 einander stehen und die Möglichkeit fruchtbarer ästhetischer Kon¬
478 3896 5194 4125 traste ausschließen. Diese grundsätzliche Scheidung wird aber
469 4138 5179 4371 durch v. Oettingen vollzogen. „Nimmt man zu den Begriffen
463 4318 5192 4535 des Klanges die Erscheinungen der Kombinationstöne und der
462 4482 5184 4741 Schwebungen hinzu, so bilden diese insgesammt die Grundlage
476 4764 5181 4972 für eine Theorie der Dissonanz”, heißt es S. 27, und im
463 4968 5209 5173 folgenden werden dann tonische und phonische Verwandtschaft
469 5120 5203 5338 als Grundlage für die Theorie der „Konsonanz” erklärt. Das
476 5289 5163 5601 ist aber nicht richtig. Für den qualitativen Unterschied von Kon¬
469 5547 5174 5799 sonanz und Dissonanz liefert keine von beiden Auffassungen ge¬
461 5731 5183 5995 nügenden Anhalt. Dagegen liefert die Helmholtz'sche An¬
470 5915 5181 6149 schauung den nötigen physiologischen Untergrund für das Oet¬
484 6170 5206 6434 tingen'sche psychologische Verwandtschaftsprinzip, und dieses
497 6381 5214 6598 letztere kann nicht besser als richtig erwiesen werden, als wenn
488 6588 5216 6805 man das genaue Zusammenfallen der Verwandtschaftsnähe und
522 6762 5209 7014 Verwandtschaftsentfernung mit dem geringeren und höheren Grade
482 6949 2134 7207 der Rauhigkeit dartut.
839 7107 5210 7417 Allein da die psychische Auffassungsfähigkeit bezüglich jedes
481 7357 5204 7612 Zusammenklanges eine doppelte ist, so muss auch bei einem
469 7544 5209 7778 rauhen oder „gestörten” Zusammenklange das störende Element
482 7787 5216 7994 ein doppeltes sein. Da die Intervalle und Accorde aufgehört
494 7958 5211 8220 haben, eindeutig zu sein, so muss auch ihre Rauhigkeit immer
480 8175 5208 8497 zwei Ursachen haben, von denen jedesmal eine als solche
