5958 9454
3117 612 3312 941 48
839 1018 5604 1299 werden, wie letztere. Das einheitliche Gemäß der natürlichen
816 1419 5588 1724 Mollskala, ihr Ruhe- und Finalpunkt, ist h = $$MATH und diesem
837 1690 5592 1958 phonikalen Hauptklange muss die Unterquart und Untersext ebenso
819 1903 5567 2185 notwendig fehlen, wie der verjüngten Tonika f = 32 ihre Ober¬
838 2149 5603 2363 quart und Obersext. Nun endigen aber die phrygischen Melodieen
837 2309 5585 2537 bekanntermassen ausnahmslos auf E, sind also nach anderem Ge¬
840 2535 5617 2797 setze gebildet. Bei der symphonischen Behandlung dieser Tonart
832 2734 5603 2983 im Palestrinastil zeigt sich dies noch prägnanter. Der
838 2931 5586 3179 Grundaccord, in welchen der melodische Lauf zurückkehren müsste,
820 3152 5598 3358 ist bei unserer natürlichen Mollskala der Accord h g e, welcher
839 3348 5604 3597 durch die höheren Oktaven von h zu vervollständigen wäre. Die
846 3579 5582 3810 phrygischen Tonstücke schließen aber alle in e gis h, was nur
825 3738 5626 4016 möglich ist, wenn man e als Einheits- und Ruhepunkt der Skala
852 3974 5594 4211 betrachtet. Der phonikale Stammaccord H, der ja noch in sich
834 4182 5588 4395 selbst Bewegung ist, — Symphonie, noch nicht Homophonie —
837 4400 5614 4656 kann zur Herstellung eines vollkommneren natürlichen Schlusses
853 4622 5565 4831 wol in den homophonen Klang H oder den H-dur-Accord ver¬
822 4815 5599 5059 wandelt werden, aber nicht in den E-dur-Accord, der einem ganz
822 5001 5487 5238 anderen Systeme angehört. Man kann die gegenklangliche —
842 5203 5620 5486 negative — Phonika wol in die klangliche — positive — Tonika
839 5414 5599 5671 gleichen Namens und gleicher Bedeutung verwandeln, nicht aber
829 5668 5594 5891 sie durch Umsetzung in eine triadische (oder pentadische) Ration
822 5796 5577 6045 zu einem untergeordneten Elemente eines ganz heterogenen toni¬
830 6021 5531 6276 schen Klanges machen. Hiernach bleibt nichts anderes übrig
825 6223 5609 6485 als die natürliche Mollskala außerhalb der zwölf Kirchentöne zu
824 6464 5584 6684 setzen, in eine Region, wo die Phonicität so ausschließlich herrscht,
834 6656 5600 6860 dass der Phonika auch nicht eine einzige tonische Beziehung mehr
829 6915 5582 7101 verbleibt. Dann erst ist sie vollkommen der lydischen Hyper-
843 7049 5591 7277 dur-Skala antiphon, deren Tonika auch der einfachsten und nächst¬
844 7237 5616 7558 liegenden phonischen Verwandtschaftsstufe, der Unterquint, entbehrt.
1145 7535 5608 7809 Die Ausdehnung eines Tetrachordenpares zu einer Oktave
826 7773 5615 8009 durch einen $$GRAPHIC oder einen $$GRAPHIC hat aber
833 7967 5623 8192 noch einen andern gewichtigen Umstand gegen sich. Die beiden
870 8165 5635 8464 Tetrachorde sind nämlich keineswegs gleichartig. Die zweite
