5958 9312
2723 637 2966 902 29
504 885 5236 1214 Stelle näher darauf eingehen zu wollen, dürfen wir kün die meisten
527 1262 5218 1445 ptolemäischen Intervalle als derart unrein und widerwärtig be¬
516 1411 5201 1652 trachten, dass gewiss auch der raffinirteste Geschmack eines neu¬
520 1592 5211 1804 hellenischen Zukunftsmusikers auf deren genaue praktische Aus¬
485 1796 5229 2061 fürung bestens verzichtet haben würde. Ferner kann auch mit
496 2050 5217 2273 dem Hinweis auf die sog. pythagoreische Terz und auf die der
506 2217 5221 2484 gleichschwebenden Temperatur die Möglichkeit heterogener Kon¬
484 2419 5217 2678 sonanzen nicht erwiesen werden. Denn offenbar können diese nur
489 2672 5240 2882 vermöge ihrer Änlichkeit mit der reinen Terz als Konsonanzen
505 2814 5238 3026 künstlerisch verwendet werden. Sie sind und bleiben mangelhafte
487 3008 5220 3242 Surrogate des reinen Intervalls und werden psychisch auch nur
473 3250 5224 3489 als solche empfunden. So bleiben denn noch Kirnberger
502 3432 5235 3661 und Fasch, deren Experimente mit dem „Ton i” wir indessen
488 3639 5245 3912 ebenfalls als verunglückt bezeichnen dürfen, um so mehr, da ein
496 3847 5217 4100 grosser Tonsetzer unserer Tage, der im Punkte der Dissonanzen
488 4049 5192 4295 ein Übriges geleistet hat, sich nach jarzehndelangem Bemühen,
484 4257 5211 4464 etwas neues zu schaffen, noch nicht getraut hat, die heilige Zal
512 4464 5222 4709 7 mit ihrem Anhang seinen für die Unsterblichkeit bestimmten
518 4665 5222 4896 Werken einzuverleiben. Und doch hat Johanna Kinkel
487 4862 5197 5101 für spätere Tage schon vorlängst die „Emanzipation der Vier¬
493 5050 5220 5308 telstöne” gepredigt. Welche Art von Klangverhältnissen mag
498 5253 3675 5495 sich wol unter diesem Namen verbergen? —
810 5446 5209 5732 So wird es denn schwer sein, Geschichte und praktische Er¬
471 5662 5163 5941 farung gegen die Allgemeingültigkeit eines Gesetzes aufzurufen,
503 5897 5218 6109 welches eine unbestrittene jartausende lange Musikübung zur
476 6081 5232 6300 Seite hat und ebenso unzweifelhaft durch die Forderungen des
480 6250 5237 6491 ästhetisch gebildeten Ores unterstützt wird. Wenn nun auch die
502 6530 5230 6746 physiologische Wissenschaft hier naturgemäss vor einem Rätsel
488 6689 5227 6919 steht, welches nicht sie, sondern die Psychologie lösen muss, so
489 6939 5187 7162 muss doch auch erstere bekennen, dass rauhere, natürlich genom¬
476 7116 5184 7321 men dissonantere Intervalle nur durch die ihnen zu Hülfe kom¬
483 7306 5227 7530 menden verwandtschaftlichen Verbindungsglieder mit Tonika und
488 7501 5222 7738 Phonika einen harmonikalen Wert bekommen, der der natürlichen
497 7716 5218 7953 Septime notwendig abgehen muss. Dennoch möchte ein positives
487 7883 5214 8168 Beweismoment erwünscht sein, wofür wir einen Anhalt darin
483 8133 5181 8375 finden, dass eine physikalische Realität unzweifelhaft vorliegt,
