5958 9354
3145 643 3422 902 16
899 948 5608 1271 im Durgeschlechte praktisch anzuwenden, kann aus physikalisch-
946 1202 5625 1445 physiologischen Gründen nicht bestritten werden; der Nachweis
922 1437 5596 1688 dafür wird durch ästhetische Erwägungen geliefert werden müssen.
1250 1625 5631 1877 8. Wenn die Lehre von der natürlichen Verwandtschaft jedes
927 1813 5583 2078 Zusammenklanges mit einem bestimmten Stammton für die natur¬
968 2065 5608 2265 gemäße Bildung künstlerischer Normalformen, als Accorde, Skalen,
931 2257 5634 2496 entscheidend ist, und wenn sich außer den von Helmholtz
929 2457 5632 2698 in die Berechnung gezogenen keine anderen Phänomene, oder in
926 2645 5618 2884 diesen keine neuen Gesichtspunkte darbieten sollten, so ist die
939 2849 5648 3110 Existenz eines mit dem Durgeschlecht parallelen selbständigen
931 3071 5629 3337 Mollgeschlechts unmöglich, und selbst als unvollkommene Abart
918 3229 4367 3445 des Durgeschlechts bleibt letzteres unerklärlich.
1254 3461 5594 3684 Dass Helmholtz an ein solches Resultat nicht im ent¬
914 3667 5606 3883 ferntesten gedacht habe, braucht kaum bemerkt zu werden; aber
916 3844 5619 4068 die Art und Weise, wie er demselben entgeht, scheint uns mit
930 4036 5634 4294 Rücksicht auf seine eigenen wissenschaftlichen Entdeckungen nicht
946 4264 5625 4512 gerechtfertigt. Er hält sich nämlich mit Bezug auf die historisch
920 4489 5629 4718 vorliegenden Accordbildungen und sonstigen Tonverbindungen und
934 4660 5620 4913 Klänge nur an den rein elementaren Wolklang und bestimmt den
918 4852 5609 5128 höheren oder geringeren Grad desselben je nach der durch Schwe¬
928 5070 5608 5339 bungen und Kombinationstöne hervorgerufenen größeren oder ge¬
913 5251 5599 5558 ringeren Rauhigkeit, weist aber den Einfluss der natürlichen
917 5474 5632 5720 Tonika eines Zusammenklanges auf die Begriffe von Konsonanz
906 5699 5632 5927 und Dissonanz zurück. Damit fallen die künstlerische Tonika
913 5883 5628 6141 als Moment der Ruhe, und ihre verwandtschaftlichen Gegensätze
915 6061 5589 6327 als Momente der Bewegung, kurz die ganze Skalenbildung ledig¬
916 6310 5631 6530 lich einer Art von konventioneller Uebereinkunft anheim, welche
898 6511 5636 6740 nicht mehr durch die natürlichen Beziehungen der Töne unter
900 6704 5586 6999 einander, sondern durch die Geschmacksrichtungen der Völker,
913 6944 5622 7130 also durch solche ästhetische Gesichtspunkte geregelt wird, die
917 7103 5586 7337 nicht einmal allgemeiner psychologischer Notwendigkeit entsprin¬
891 7328 5629 7545 gen. Dass gewisse nicht genügend aufgeklärte Erscheinungen in
925 7524 5493 7756 der heutigen morgenländischen Musik nicht weniger, als die —
933 7753 5631 7967 übrigens höchst unzuverlässigen — Berichte der meist einer
928 7920 5607 8149 Periode tiefsten Kunstverfalles angehörigen griechischen Schrift¬
932 8122 5619 8434 steller diese Auffassung zu unterstützen scheinen, ist zuzugeben.
