5958 9400
3015 517 3298 864 22
817 964 5561 1268 nungen ist das Buch nicht eben leicht zu lesen. Doch verdienen
804 1193 5512 1456 namentlich die speziellen Ausfürungen über Modulation und Klang¬
787 1383 5543 1605 folge, Verwandtschaftskreis, Dissonanz und Auflösung (3., 4. und
787 1542 2838 1851 6. Abschn.) alle Beachtung.
1133 1786 5529 2063 Da es uns vornehmlich nur um die Grundlegung des toni¬
791 1976 5527 2225 schen wie des phonischen Tongeschlechtes zu tun ist, so beschrän¬
788 2182 5562 2421 ken wir uns auf die Beweisfürung, dass, obgleich die Mollskala
781 2405 5537 2654 richtig aufgestellt und konsequent behandelt wird, doch die Art
790 2559 5521 2917 und Weise des Aufbaues nicht unanfechtbar und die Theorie über¬
802 2749 2820 3044 haupt nicht vollständig ist.
1140 2963 5519 3273 Schon die Zusammensetzung der Skala aus drei Dreiklängen,
775 3201 5507 3456 die von der Tonika, Dominante und Unterdominante, bezw. von
785 3394 5522 3694 der Phonika, „Regnante” und „Oberregnante” ausgehen, kann
801 3601 5534 3890 von dem Vorwurfe der Willkür getroffen werden. Das Ausgehen
818 3843 5538 4099 von einer bestimmten Tonika oder Phonika, die Bewegung durch
791 4024 5540 4307 verwandte Klänge (Systeme) hindurch, und endlich das Ausruhen
772 4207 5521 4480 in dem angenommenen Hauptklange als natürlich schönem, selb¬
776 4419 5489 4697 ständigem Schlusspunkte, ist das Wesen musikalischer Gestaltung.
784 4653 5545 4899 Die Elemente der Bewegung, d. h. der Melodie, also die Skala
801 4883 5533 5104 vor allem, sind eigentlich musikerzeugend; in den harmonischen
776 5051 5519 5288 Ruhepunkten kehren wir von der musikalischen Kunst wider
763 5318 5530 5530 zum Naturschönen zurück. Die melodischen Skalenverhältnisse
773 5501 5487 5723 müssen daher auch unmittelbar, nicht erst durch das Me¬
772 5671 5533 5912 dium der Dreiklänge aus der Theorie entspringen. Es ist ja auch
774 5912 5523 6133 gar nicht zu erweisen, dass Tonika oder Phonika in solcher Weise
772 6081 5526 6318 in der Mitte eines Verwandtschaftssystems stehen müsse, dass
760 6305 5497 6562 auch Ober- und Unterquint derselben Ausgangspunkte einer gleich¬
758 6542 5495 6749 artigen oder antiphonen Dreiklangsharmonie seien. Und endlich,
764 6717 5494 6959 was ist der Dreiklang? Dass er keineswegs die vollkommenste,
770 6947 5507 7159 schönste Form des (Zusammen)-Klanges sei, glauben wir oben
771 7102 5520 7367 wenigstens bezüglich des durgeschlechtlichen nachgewiesen zu
773 7320 5481 7567 haben. Nur durch die Forderungen der musikalischen Bewegung
804 7544 5512 7801 (Melodie) erlangt er einen harmonikalen Wert, den der natürliche
791 7727 3908 7973 Vollklang ihm nicht streitig machen kann.
1089 7934 5526 8146 Sodann scheint es mir, dass v. Oettingen in Bezug auf
740 8153 5512 8445 die Begriffe von Konsonanz und Dissonanz das positive und
