5958 9425
3056 575 3323 936 24
834 896 5566 1210 wirksam ist, wärend die andere im Gegenteil ein wesentliches
839 1205 5583 1461 Unterstützungsmittel der Konsonanzwirkung bildet. Bleiben wir
818 1415 5544 1672 bei den beiden Dreiklängen stehen, und untersuchen wir die nun¬
819 1668 5568 1890 mehr allseitig bestimmte Bedeutung ihrer Nebenelemente, der
825 1829 5539 2098 Kombinations- und Obertöne, so ergibt sich, dass die Kombinations¬
820 2061 5593 2299 töne beim Molldreiklange eine analoge Stellung einnehmen, wie
834 2224 5571 2503 die Obertöne beim Durdreiklange, und umgekehrt. Soll der Drei¬
825 2471 5568 2719 klang c} es} g} bloß in seiner mollgeschlechtlichen Konsonanz be¬
834 2643 5583 2922 trachtet werden, was allerdings weitaus das Nächstliegende ist,
842 2855 5562 3111 so wird das tiefe As{ als Kombinationston einen fremdartigen,
830 3092 5555 3318 nicht unmittelbar verständlichen Beigeschmack in den Klang hin¬
805 3308 5572 3538 eintragen, dessen dunkle Beziehungen zur Tonicität bei dem
845 3463 5589 3762 psychischen Vorherrschen des Mollcharakters gänzlich verloren
835 3670 5584 3946 gehen, so dass nur eine gewisse schattenhafte Unklarheit zugleich
819 3877 5550 4184 mit dem konsonantischen Hauptzusammenklang empfunden wird,
851 4088 5607 4343 deren Ursache nachzugehen dem bloß ästhetisch Erfassenden nicht
837 4305 5580 4543 zum Bedürfnis wird. Komme ich dagegen aus dem tonischen As-
847 4484 5602 4787 Systeme zu demselben Accorde c} es} g} als einer Nebenstufe, so
843 4708 5574 4994 wirkt das tiefe As{ als Wegweiser zu dem tonischen Ur¬
847 4912 5602 5165 sprunge des Klanges zurück. Gleichzeitig aber macht sich die
837 5118 5599 5390 allzu grosse Entfernung der künstlich verstärkten Klangelemente
845 5319 5559 5592 von der Tonika geltend. Der Klang erscheint als dissonantisch,
853 5548 5596 5773 und das Element, welches ihn am meisten verschärft, ist g} als
841 5729 3109 6021 15. Partialton; g} wird Leitton.
1179 5922 5590 6183 Der Wirksamkeit der tieferen Kombinationstöne beim Moll¬
850 6151 5576 6401 dreiklange entspricht beim Durdreiklange die der Obertöne. Die¬
820 6338 5588 6587 selben geben nämlich, wie leicht nachzuweisen ist, nicht nur zum
851 6571 5547 6815 Teil außerordentlich scharfe Schwebungen, die den Accord merk¬
844 6740 5605 6985 lich rauh machen, sondern sie repräsentiren auch in ziemlicher
853 6961 5602 7174 Verstärkung die Phonika und deren harmonische Untertöne, die
842 7163 5633 7411 bei der konsonantischen tonikalen Auffassung des Klanges
839 7392 5588 7629 als fremdartiges Zubehör in den Kauf genommen werden müssen,
854 7568 5651 7780 wärend sie für eine dissonanzartige Verwendung im phonischen
843 7775 5563 8035 Geschlechte einen nicht ganz unwirksamen Anhaltspunkt dar¬
846 8008 5625 8242 bieten. Dafür, dass die fremdartigen Elemente der Klänge kein
850 8187 5605 8502 Übergewicht gewinnen, muss zu einem grossen Teil der Tech¬
