5958 9366
2673 566 2979 972 43
799 1046 5185 1369 Wenige Andeutungen werden genügen, um den aus dem vor¬
439 1288 5198 1543 hergehenden im allgemeinen verständlichen Bau dieser Reihen
423 1455 5210 1776 auch im einzelnen klar zu machen. Das Dur-Trichord umfasst
427 1705 5224 1952 die beiden Ganztöne, von denen der größere unten, der kleinere
432 1935 5206 2195 oben liegt. Umgekehrt hat das Moll-Trichord den kleineren Tonus
431 2115 5199 2588 unten, den gröfseren oben. Seine Zalen sind $$MATH:
439 2529 5199 3026 $$MATH, nicht wie die des absteigenden Dur-Trichords 10:9: 8.
424 2987 5184 3335 Durch die Zalen 15:16:18:20 und deren reciproke Werte ent¬
438 3192 5169 3492 steht das Tetrachord, und zwar in der tonischen Reihe ein moll¬
441 3388 5207 3734 geschlechtliches, in der phonischen ein durgeschlechtliches; doch
474 3587 5205 3985 passt ersteres genau genommen nur auf die zweite (untere) Hälfte
452 3931 5195 4367 der von den Zalen $$MATH in eingeschlossenen Skala, und letz¬
447 4335 5212 4657 teres nur auf die zweite (obere) Hälfte der entsprechenden Dur¬
448 4561 973 4915 skala.
774 4903 5197 5322 Die Tonstufen 12 bezw. $$MATH und 25 bezw. $$MATH haben eine be¬
448 5309 5142 5580 sondere Wichtigkeit, erstere für die Erklärung fünfstufiger Leitern,
451 5562 5202 5848 letztere für die Chromatik, deren ersten Ansatz sie bildet. Zwischen
468 5781 5227 6272 den Zalen 24 und 48 bezw. $$MATH und $$MATH bauen sich nun zwei
451 6159 5210 6646 Skalen auf, die sich als die einzigen und echten Töchter der
470 6454 5230 6748 beiden Tongeschlechter darstellen, wärend die gewälten beiden
478 6671 5228 7064 Einheitspunkte denselben zugleich die größtmögliche gegenseitige
514 6881 5198 7166 Verwandtschaft verleihen, indem die aus den beiden Einheits¬
526 7174 5231 7621 punkten F{{{{ = n und h}}}}} = 1440 n = 25. 32. 51 n entstandenen
462 7625 5240 7968 Skalen sich nicht bloß vollständig antiphon sind, d. h. in gleichen
512 7893 5216 8226 Verhältnissen auf- bezw. abwärts schreiten, sondern auch mit einer
480 8096 4791 8403 einzigen Ausnahme völlig dieselben Klangstufen aufweisen,
