5958 9212
2689 696 2812 994 3
443 977 5149 1246 in einer Form entspricht, die wir etwa durch die Noten C c g.
451 1255 5128 1471 c} e} g} bezeichnen können. Auch war ihm nicht entgangen, dass
463 1429 5140 1681 bei weiterer Teilung nach den Potenzen und Produkten dieser
426 1623 5132 1845 Zalen auch die übrigen Intervalle eines vollständigen Tonsystemes
455 1809 5097 2043 sich finden. Da nun diese Ergebnisse genau mit dem zu Ra¬
456 2030 5109 2234 meau's Zeiten schon bekannten physikalischen Phänomen der har¬
432 2229 5103 2457 monischen Obertöne übereinstimmen, so waren für letzteren hin¬
433 2455 5127 2660 reichende Vorbedingungen zu seiner Theorie von den Stammtönen
446 2611 5123 2850 der Accorde gegeben, welche ihrerseits widerum die Lehre von
442 2822 5119 3070 der Ableitung und Umlagerung der Accorde bedingt. So bedurfte
432 3029 5103 3298 es nur eines konsequenten Aufbauens auf dieser Grundlage, und
437 3216 5131 3443 die moderne Accord- und Harmonielehre war geschaffen.
738 3426 5117 3666 Doch hatte diese zweifache theoretische Unterlage, die sich
430 3617 5118 3827 der Harmonik in der Zalenlehre und in der Physik darbot, den
426 3813 5097 4052 entschiedenen Mangel, dass das Mollgeschlecht sich ihr nicht
451 4056 5093 4290 unterwerfen wollte. Allerdings ergibt sich bei der Teilung der
423 4210 5088 4465 Saite in 10, 12 und 15 Teile ein Molldreiklang, der auch physi¬
433 4425 5116 4641 kalisch sich aus dem 10., 12. und 15. Partialtone eines Klanges
408 4637 5144 4889 zusammensetzt. Allein dieser erscheint nur als ein abhängiger,
421 4818 5115 5063 abgeleiteter Accord. Der c} - moll - Dreiklang ist nur Zubehör,
429 5026 5100 5277 Nebenklang zu dem durgeschlechtlichen Stammaccord C. Einen
435 5201 5100 5487 selbständigen, mit dem Duraccord gleichberechtigten Charakter
406 5429 5118 5630 ist jener aus den angefürten beiden Gesichtspunkten zu gewinnen
418 5622 5095 5885 nicht im Stande. Die Praxis aber verlangte gebieterisch für Dur
437 5823 5067 6034 und Moll eine analoge Auffassung, Zergliederung, Behandlung,
420 6028 5097 6250 und es hat dies weit mehr zu befriedigenden Resultaten gefürt,
415 6210 5093 6454 als man nach der angenommenen theoretischen Grundlagen hätte
410 6424 5116 6635 erwarten dürfen. Schon zu Rameau's Zeiten strich sein gelehrter
404 6635 5081 6828 Interpret d’Alembert die Zalenlehre als unnütz aus dem ganzen
430 6805 5078 7027 Systeme aus und erkannte nur das Phänomen der Obertöne als
419 7027 5102 7284 natürliche Grundlage der Accordbildung an, auch dieses jedoch
403 7232 5085 7466 nur in der Theorie. Indem er für die Praxis der Teilung der
431 7425 5067 7665 Oktave in 12 gleiche Teile, also der gleichschwebenden Tempe¬
411 7643 5077 7889 ratur das Wort redete, ging ihm der Sinn für die feinere Nuan¬
408 7856 5091 8066 cirung der natürlichen Stimmung verloren. So war denn das
404 8015 5075 8261 Band zwischen dem Konsonanzbegriff und den physikalischen Er¬
