5958 9470
2595 732 2821 945 13
310 979 5086 1259 nachhelfend ein. Je leerer die angeschlagenen Einzelklänge sind,
301 1254 5102 1469 je weniger sie einen selbständigen durgeschlechtlichen Charakter
295 1491 5067 1709 zu offenbaren vermögen, desto deutlicher treten die Kombinations¬
314 1631 5085 1888 töne hervor, und gerade die stärksten unter ihnen sind Grundton
339 1819 5099 2117 und tiefere Partialtöne des Klanges. Es ist also gleichsam ein
311 2065 5106 2303 Bestreben der Natur vorhanden, diese Zusammenklänge zu einem
329 2262 5094 2505 Durklange mit vollerer Färbung zu verdichten. Nehmen wir
323 2461 5106 2718 beispielsweise den Dreiklang c}—e}—g}, so erklingen in der Tiefe
308 2675 5068 2932 deutlich die Töne c}—e}—g}, und zwar der erste am deutlichsten,
332 2870 5098 3121 der letzte (nur Kombinationston zweiter Ordnung) am schwächsten.
321 3087 5104 3314 Der Dreiklang c}—e}—g} ist der Klang C. Seine Fülle würde
322 3233 5070 3574 größer sein, wenn wir die tieferen Töne C, c, g künstlich ver¬
311 3509 1012 3742 stärkten.
651 3600 5096 3903 So scheint also alles nach einem Prinzip hinzuarbeiten, der
316 3870 5087 4147 volle Klang, d. h. der Duraccord scheint die einzige „Seele der
315 4147 5110 4352 Harmonie”, der einzige vollkommene Ruhepunkt, die einzige
329 4340 2511 4567 Tonika werden zu wollen.
672 4512 5093 4763 Man möge nicht übersehen, dass wir uns bei vorstehenden
311 4702 5100 4947 Ausfürungen keinerlei Abweichungen von den Helmholtz'schen
329 4909 5089 5160 Resultaten erlaubt haben. Nur Licht und Schatten haben wir
340 5166 5093 5379 verwechseln zu dürfen geglaubt. Während Helmholtz die
331 5318 5078 5569 Kombinationstöne hauptsächlich als „Störungen des Zusammen¬
343 5544 5096 5812 klanges” behandelt, haben wir ihnen dagegen lediglich insoferne
332 5747 5080 5995 unsere Aufmerksamkeit geschenkt, als sie den Zusammenklang
329 5964 5107 6218 unterstützen. Störungen sind fast bei jedem Klange mehr
311 6166 5065 6396 oder weniger vorhanden. Sofern sie unfassbare Geräusche sind,
324 6376 5072 6590 können sie dem konsonannten Charakter eines Klanges nicht bei¬
329 6587 5071 6806 kommen, sind sie bestimmte Töne, und zwar solche, die in fass¬
338 6790 5091 7021 barem Verhältnis zu den übrigen Tönen des Klanges stehen, so
332 7000 5086 7229 beeinflussen sie wesentlich die Natur dieses Klanges; sie müssen
337 7204 5103 7430 mit in Anschlag gebracht werden, wenn man dem Klange das
330 7414 5072 7658 System anweisen will, innerhalb dessen er eine bestimmte Fär¬
352 7608 5094 7833 bung repräsentirt. Dies wird vornehmlich bei den Klängen
341 7814 5112 8033 wichtig, bei denen nicht die Fülle, sondern die Schärfe durch
330 8013 5102 8225 künstliche Zutat potenzirt erscheint. Was ist beispielsweise der
356 8228 5062 8616 dissonante Accord c} f} g} c}} anders, als ein ziemlich scharf gefärb¬
