5958 9225
2737 638 2968 945 45
517 956 5185 1297 ton, und die Leiter wäre die authentisch-phrygische
525 1265 5182 1480 Glarean's, oder der III. Kirchenton. Man wird diese beiden Formen
523 1448 5191 1667 unbedenklich als die einzigen betrachten dürfen, in welchen die
534 1659 5178 1896 beiden Tongeschlechter in vollkommener Reinheit, d. h. Unge¬
535 1900 5191 2109 mischtheit, ausgeprägt sind. Nur höhere, bezw. tiefere Oktaven
535 2074 5174 2276 der beiden Einheitspunkte haben die analoge Bedeutung, und es
523 2243 5168 2501 ist deshalb auch die Umwandlung des Authentischen in das Pla¬
543 2447 5147 2754 galische, und umgekehrt, gerechtfertigt. Dagegen ist die Ein¬
546 2668 5184 2882 fürung der Oberquart und der grossen Obersext der Tonika, der
550 2862 5184 3053 Unterquart und der grossen Untersext der Phonika durchaus nicht
549 3057 5165 3323 tunlich, und damit sehen wir uns gleicher Weise in die Unmög¬
547 3266 5169 3499 lichkeit versetzt, unsere gebräuchlichen Skalen unter den im vor¬
522 3480 5207 3671 stehenden entwickelten Begriff der beiden Tongeschlechter zu
538 3647 5201 3896 bringen. Sie müssen aus einem ganz anderen Gesetze hervorge¬
566 3870 5182 4077 wachsen sein, welches weder rein tonische, noch rein phonische
564 4067 2435 4288 Verhältnisse in sich birgt.
904 4153 5178 4546 Obgleich aber v. Thimus dieses dritte Gesetz mit be¬
547 4449 5192 4680 wunderungswürdiger Schärfe ausfürlich entwickelt hat, so ist er
549 4662 5188 4888 doch bezüglich der Erklärung unserer gewönlichen Tonarten bei
535 4851 5174 5100 der alten Anschauung stehen geblieben und hilft sich über die
563 5049 5167 5304 von uns oben als unüberwindlich bezeichnete Schwierigkeit da¬
558 5262 5168 5461 durch hinweg, dass er die Skala nach dem kleineren Tetrachord¬
533 5461 5172 5693 maße zergliedert. Das Tetrachord, welches, der Tonika und Pho¬
538 5646 5130 5919 nika um vieles näher als die Skala, aus den Zalen 15, 16, 18,
548 5885 5199 6082 20 und deren reciproken Werten entsteht, ist ihm, wie auch den
538 6064 5183 6301 Alten, die nächstliegende und kleinste melodische Zusammen¬
540 6243 5191 6449 fassung ($$GRAPHIC), und darum je für das Dur und Mollgeschlecht
533 6440 5207 6712 die Urform, aus welcher sich die melodisch-diatonische Oktave
551 6621 5155 6907 auf vierfache Art zusammensetzt, nämlich durch Verknüpfung
539 6863 5172 7048 zweier Tetrachorde ($$GRAPHIC, daher $$GRAPHIC), wo¬
557 7061 5167 7299 bei zur Vervollständigung der Oktaven ein Ton hinzugefügt werden
548 7308 5141 7533 muss ($$GRAPHIC), und zwar entweder oben oder unten,
546 7477 5191 7657 dann durch Trennung zweier gleichartiger Tetrachorde vermittelst
527 7680 5149 7901 eines in ihre Mitte eingeschobenen, und entweder zum untern,
537 7866 5188 8125 oder zum obern Tetrachord gerechneten großen Ganztones ($$GRAPHIC
527 8090 5172 8333 $$GRAPHIC). Durch diese Anschauung lässt sich allerdings die
