5958 9441
3111 598 3353 887 18
837 907 5608 1217 schreitung, hervorgerufen, und als gemischter, zweifacher Klang
861 1209 5632 1436 einer höheren Einheit durch „Auflösung” wider zugefürt wird.
860 1370 5637 1604 Bekanntlich ist über den harmonikalen Charakter der Quart viel
861 1601 5603 1845 hin und her gestritten worden, man hat nicht einig werden kön¬
843 1777 5656 2050 nen, ob sie Konsonanz oder Dissonanz sei. Die Antwort hängt
863 2001 5628 2257 von der künstlerischen Wal der Tonika ab. Im C-Klange ist F
872 2190 5643 2410 Dissonanz. Kein Mensch auf der Welt kann an einem C-Klange
871 2381 5636 2631 als Ruhe- und Schlusspunkt einer melodischen Gestaltung Freude
855 2626 5632 2865 finden, wenn sich ihm ein F beigesellt, gleichviel, ob Schwe¬
887 2815 5617 3065 bungen vorhanden sind, oder nicht. Konsonanz ist die Quart da¬
837 3043 5644 3284 gegen, wenn ihr höherer Ton vierter Partialton des Klanges ist.
868 3223 5633 3458 In dem Klange C c g c} wirkt weder g noch c} als Dissonanz.
871 3426 5618 3653 Änlich verhält es sich im Grunde genommen mit allen Konso¬
861 3619 5680 3863 nanzen, die Oktave ausgenommen. Nur wenn sie sich mit den
876 3801 5635 4147 kleinsten denkbaren Schwingungszalen an die Tonika anlehnen,
905 4033 5063 4266 tritt ihr Wolklang als musikalische Konsonanz zu Tage.
1221 4265 5629 4508 Nach allen unseren Ausfürungen, zu denen der große Phy¬
884 4459 5649 4703 siker uns den Weg geebnet hat, müssen wir das positive Moment
886 4647 5651 4885 der Tonverwandtschaft für gefunden erklären, jedoch hinzufügen,
876 4847 5659 5087 dass dieses bloß für das Durgeschlecht Raum gibt, und gleich¬
881 5062 5640 5270 zeitig die Einschränkung machen, dass wir bislang noch ver¬
887 5282 5687 5538 mieden haben, die Grenze der ästhetischen Erkennbarkeit
897 5470 3835 5716 klanglicher Verwandtschaft aufzustellen.
1220 5740 5699 5936 Ehe wir weiter gehen, müssen wir konstatiren, dass das
899 5876 5641 6133 Mollgeschlecht bei Helmholtz zwar selbstredend nicht ver¬
889 6094 5660 6314 schwindet, aber doch in seinen Grundvesten erschüttert dasteht.
906 6313 5660 6546 Der Durdreiklang allein ist eindeutig (a. a. O. S. 451); den Moll¬
915 6493 5669 6780 dreiklang aber kann man als Terzenklang, z. B. c} es} g} als es}-Klang
917 6699 5652 6980 mit fremdem c} auffassen, oder aber, was die vorwiegende Deutung
901 6913 5678 7169 ist, als c}-Klang mit fremdem es}. So ist er denn nichts, als eine
946 7091 5675 7359 getrübte, verschleierte Abart, oder besser ein Zerrbild des Dur-
917 7333 5658 7591 Dreiklanges, dessen Stellung in der Kunst eine mehr als proble¬
909 7536 5680 7780 matische sein sollte. Wir sind der Meinung, dass, wenn sich für
901 7733 5666 7960 das Mollgeschlecht nicht ein zweites Verwandtschaftsprinzip auf¬
908 7948 5679 8203 finden lässt, diesem viel zu viel Ehre angetan wird, wenn Helm¬
907 8140 5660 8419 holtz ihm die Eigenschaft zuweist, im Gegensatze zu dem uni¬
