5958 9362
2608 715 2857 1011 35
361 975 5101 1242 keit — vertreten kann. Hieraus folgt notwendig, dass die aus
361 1242 5096 1537 höherer Zalenordnung resultirenden Intervalle unfassbar, also dys¬
399 1403 5074 1688 phon werden, sobald ihre Elemente gleichzeitig
363 1627 5127 1950 erklingen. Doch können unter diesen nur diejenigen als
393 1837 5051 2166 vollständig aphon aus dem Kunstgebiete ausgeschieden werden,
363 2080 5109 2367 welche, der Tonika oder Phonika = 1 gegenüber den Gesetzen
371 2230 5112 2499 der höheren Primzalen 7, 11, 13, 17 u. s. w. gehorchen. Bei
355 2435 5096 2759 den übrigen kommt ihre indirekte Verwandtschaft zunächst in
360 2651 5100 2880 der melodischen Bewegung als mehr oder weniger vollkommene
371 2805 5076 3099 Konsonanz zur Geltung. Diese Tatsache überhebt uns noch ein¬
360 3069 5077 3339 mal der Aufgabe, den Begriff der eigentlichen, auflösungsbedürf¬
365 3311 5071 3557 tigen Diaphonie zu geben. Die Verwertung der indirekten Ver¬
363 3447 5115 3711 wandtschaft fürt uns schon zu den Grundprinzipien melodischer
356 3643 5084 3934 Fortschreitung und Rückschreitung, in deren Bereich die Skalen¬
377 3839 5106 4192 bildung wenigstens ermöglicht wird, wenn auch die ganze Frucht¬
389 4051 5088 4392 barkeit einer musikalischen Tonart durch sie noch nicht er¬
360 4268 1254 4610 reicht wird.
721 4598 5097 4839 Betrachten wir zunächst die drei vollkommensten melodischen
360 4743 5089 5010 Konsonanzen, den grossen und kleinen Ganzton und den diatoni¬
388 4928 5088 5193 schen Halbton. Wie die symphonischen Konsonanzen innerhalb
364 5141 5099 5413 der Fakultätszal 3! = 6 liegen, so liegen die genannten melo¬
386 5355 5109 5614 dischen Engschritte, und nur diese, innerhalb der Fakultätszal
379 5615 5108 5828 4! = 24. Wir nehmen das Intervall oder vielmehr die beiden
393 5791 5116 6003 Klänge c—d. Sie stehen tonisch im Verhältnisse 8:9 und
386 5994 5127 6309 gehören dem System C{ = 1 an. Doch sind sie symphonisch
375 6282 5110 6515 nicht fassbar, sondern nur melodisch, weil sie nicht beide als
406 6404 5124 6691 Teile desselben Urklanges C{{ gefült werden können, sondern nur
391 6671 5103 6880 als Teile zweier unter sich symphonisch verwandter Klänge.
365 6876 5093 7135 c = 8 ist Teil des Klanges C = 4 und auch des Klanges C{ = 2,
389 7023 5101 7310 überhaupt wirksame Vertreterin der Tonika vermöge der reinen
375 7297 5122 7555 Zweizalration. d = 9 ist dagegen fassbar als Teil des Klanges
399 7448 5111 7714 G{ = 3. Diese beiden Grundklänge aber, C (oder C{) und G{
374 7700 5132 7983 sind unter sich symphonisch-tonisch verwandt, d. h. sie sind Teile
407 7900 5124 8140 desselben Klanges C{{ = 1. Natürlich ist jeder der beiden Klänge
364 8132 5116 8427 c und d für sich genommen vieldeutig; ja jeder lässt unendlich
