5958 9170
2741 595 2965 887 47
513 838 5209 1207 chorda finalis befindet sich allenthalben am unteren Ende der
548 1149 5242 1391 Oktavenquinte, ist also bei den lydischen Oktaven f, bei den
532 1346 4887 1667 ionischen c, bei den phrygischen e und bei den äolischen a.
882 1524 5239 1878 Indessen wir haben dieser Auffassung gegenüber einige große
548 1826 5223 2098 Bedenken. Vor allem wird man nicht übersehen dürfen, dass
540 2070 5224 2279 mit der einfachen Umsetzung der hypolydischen Oktave in eine
553 2193 5228 2478 ionische und der phrygischen in eine hypoäolische, Tonika und
546 2430 5232 2663 Phonika ihren prinzipalen Wert einbüßen. Wenn wir in unserer
561 2660 5213 2888 Skala c = 24 bis c} = 48 dem Tone f = 32 seinen Charakter
555 2801 5251 3063 als Ruhe- und Schlusspunkt rauben, indem wir den Ton c zum
540 3033 5205 3259 Finalton machen, so tritt das ganze Gebilde aus dem Mutter¬
547 3264 5229 3492 schooße der arithmetischen Reihe heraus. Das beherrschende Ele¬
543 3441 5249 3684 ment dieser Reihe, die Zweizal mit ihren Potenzen, muss sich
546 3598 5262 3883 der ihr naturgemäß untergebenen triadischen c-Stufe beugen. Es
552 3793 5258 4098 ist dies also eine Inversion der natürlichen Verhältnisse, die
557 4023 5229 4293 durch die zufällige Übereinstimmung des Oktaven-Umfanges und
559 4222 5225 4468 durch die Möglichkeit, die Oktave auch authentisch zu teilen,
545 4380 5252 4663 nicht erklärt werden kann. So wenig in einem natürlichen Klange
555 4596 5262 4878 mit der Tonika zugleich ihre Quart und Sext oder deren höhere
581 4808 5256 5093 Oktaven vorhanden sein können, so wenig lässt sich die ionische
581 4999 5268 5277 Tonart aus der lydischen — rein durgeschlechtlichen — Skala
575 5249 5251 5473 herleiten. Ein anderes Gesetz muss es erklären, warum sich in
575 5431 5230 5689 der ionischen Tonart Quart und Sext dem Finalton beugen müssen,
579 5605 5234 5873 der immer Tonika bleiben und mit der Ration der reinen Zwei¬
562 5794 5268 6100 zalpotenz ausgedrückt werden muss. Dieselbe Unvereinbarkeit
593 6058 5289 6336 besteht zwischen der phrygischen und äolischen Tonart. Tonika
558 6247 4988 6531 und Phonika müssen stets Finalton bleiben.
922 6436 5265 6740 Dies fürt uns auf ein zweites Bedenken. Ist die Skala
555 6654 5268 7241 e} = $$MATH bis e} = $$MATH wirklich die phrygische, wie v. Thimus
585 7053 5273 7413 glaubt? Ich möchte anderer Meinung sein. Nur wenn man
583 7301 5264 7588 Phonika und Dominant auf eine Stufe stellt, ist die v. Thimus’sche
591 7535 5236 7803 Anschauung richtig. Wenn man dagegen der Phonika eine ana¬
586 7690 5262 7998 loge Stellung im Mollgeschlechte vindicirt, wie der Tonika im
581 7903 5268 8245 Durgeschlechte, so kann erstere so wenig vom Finaltone getrennt
