5958 9345
3171 624 3409 895 34
936 900 5625 1218 Weg tritt. Dabei brauchen wir die Bemerkung nicht zu unter
935 1178 5660 1418 drücken, dass rhythmische Schwerfälligkeit Erschwerung des Ver¬
930 1358 5690 1629 ständnisses im Gefolge hat und daher manchem Komponisten als
933 1578 5652 1819 Ersatz für mangelnde Gedankentiefe willkommen sein mag 1).
943 1800 5680 2042 Beim Satzbaue, wo man von der Einheit des Taktes sich immer
964 2019 5672 2249 weiter entfernt, ist das Vorherrschen der Zweizal bekannt genug,
944 2213 5669 2449 Auf das Nähere einzugehen ist nicht nötig. Es genügt die Be¬
924 2464 4819 2682 merkung, dass das achttaktige Thema die Regel ist.
1256 2566 5669 2866 Die symphonische Alleinherrschaft der sechs kleinsten Ganz¬
935 2825 5654 3049 zalen und ihrer reciproken Werte kann uns den Begriff der Dis¬
932 3006 5692 3283 sonanz noch nicht geben, sofern dieser ein positiver, nach
949 3236 5674 3496 zwei Seiten begrenzter sein soll, wie jeder zugeben wird. Haupt¬
937 3469 5697 3706 mann's Erklärung der Dissonanz aus konkurrirenden Dreiklängen
951 3689 5700 3883 müssen wir ebenso zurückweisen, wie die Bildung der Skala aus
966 3829 5702 4107 Dreiklängen. Auch die Begriffsbestimmung v. Oettingen's
985 4043 5687 4270 (S. 228) wird uns nicht genügen: „Dissonanz ist das gleichzeitige
971 4225 5707 4513 Bestehen zweier oder mehrerer Klänge”. Hier fehlt ja das so
980 4431 5717 4646 sehr gesuchte positive Element gänzlich, welches die Grenze
937 4628 5697 4876 gegen das Gebiet der formlosen Geräusche abstecken muss. Dieses
992 4833 5705 5150 positive Moment ist aber bei gleichzeitigem Erklingen dissonanter
968 5033 5693 5310 Klänge eben nicht zu erkennen, weil diesen die unmittelbare,
957 5222 5694 5459 symphonische Fassbarkeit abgeht. Das oberste, dem musikalischen
971 5466 5690 5760 Kunsttriebe von der Natur gesetzte Prinzip, die Bewegung durch
983 5639 5708 5866 eine Aufeinanderfolge von Klängen, gibt der in ihnen ruhenden
977 5842 5714 6089 indirekten, durch symphonische Bindeglieder vermittelten Tonicität
985 6052 5704 6276 bezw. Phonicität ihre positive Bedeutung. Wir haben als Bildner
968 6277 5699 6553 symphoner Intervalle nur die sechs Teile eines vollen Klan¬
969 6469 5682 6723 ges und die sechs Glieder eines vollen Gegenklanges anerkannt,
965 6709 5696 6922 mit der einzigen Maßgabe, dass die Zal 8 die nächstniedere Po¬
967 6878 5691 7172 tenz der Zweizal — wenn auch unter verminderter Wirksam¬
1297 7123 5698 7417 1) Man findet in der „A. Allg. Ztg.“ Beilage Nro. 6 vom 6. Jan. 1875 einen vor¬
976 7406 5695 7541 trefflichen Aufsatz: „Wider die feurigen Kapellmeister” (auch abgedruckt in der Allg.
981 7508 5706 7649 Mus. Ztg., 1875, Nro. 6 und 7), wo die Empfindlichkeit gewisser Tonstücke, z. B. des
988 7641 5695 7753 Haydn'schen: „Komm, holder Lenz” gegen die geringste Verzögerung oder Beschleu¬
967 7747 5692 7847 nigung des durch ihren Charakter gebotenen Tempo hervorgehoben wird. Der ware
982 7837 5677 7954 Grund dieser Erscheinung ist dieser. In beiden Fällen wird das rhythmische Verständ¬
965 7926 5696 8050 nis d. i. die psychische Reduktion aller Perioden auf die Takteinheit erschwert, bei der
979 7995 5680 8141 Verzögerung das des Satzbaues, bei der Beschleunigung das der Taktteile. Mit der Er¬
986 8107 5723 8372 kennbarkeit des rhythmischen Ebenmasses ist aber auch die rhythmische Schönheit
967 8245 1368 8411 dahin. —
