5958 9220
3070 714 3250 977 6
1144 1007 5500 1312 Dass dieser Grundgedanke nicht der auf Schwingungszalen
827 1261 5495 1480 oder Saitenlängen gegründeten Zalenlehre, auch nicht der physi¬
836 1433 5476 1670 kalischen Klanglehre entsprungen ist, liegt auf der flachen Hand.
837 1634 5494 1878 Der geistvolle Schüler Hegel's macht hier nur eine einfache
824 1831 5504 2071 Anwendung der spekulativen Prinzipien seines Meisters auf den
812 2057 5475 2317 harmonikalen Wolklangsbegriff. Da ihm diese Anwendung aus¬
803 2258 5471 2503 reichende Resultate zu geben scheint, weist er jede andere Grund¬
813 2433 5493 2729 lage als überflüssig oder unrichtig ab. Über das erstere wollen
840 2687 5467 2918 wir nicht mit ihm streiten, in dem letzteren aber hat er ent¬
835 2854 5497 3100 schieden Unrecht; denn jede Spekulation, die sich über das innere
805 3022 5462 3290 Seelenleben hinaus erstreckt, kann ihre Gesetzmässigkeit nicht
795 3269 5480 3506 auf bloß psychologischem Wege nachweisen, sie bedarf dazu not¬
813 3510 5498 3719 wendig der Beihülfe übereinstimmender oder wenigstens analoger
815 3617 3383 3846 Resultate der exakten Wissenschaft.
1164 3839 5468 4082 Wir dürfen jedoch an dieser Stelle das eine und das andere
823 4011 5450 4289 dahingestellt sein lassen und wollen nur dem weiteren Gedanken¬
832 4271 5483 4486 gange Hauptmann's nachgehen, um zu zeigen, wie in dem
814 4450 5459 4636 obigen Hauptsatze ein Kern dualistischer — Dur- und Mollgeschlecht
805 4644 5473 4849 als Gegensätze betrachtender — Anschauung liegt, der für die
836 4838 5452 5070 ganze musikalische Theorie fruchtbar und entscheidend hätte wer¬
812 5081 5445 5301 den können. Da ihm die große Terz das den Dreiklang bestim¬
810 5267 5495 5469 mende und zu harmonischer Einheit vollendende Moment ist, so
817 5463 5480 5699 ist der Durdreiklang allerdings die augenfälligste und nächstliegende
804 5631 5466 5852 Form musikalischen Zusammenklanges. Betrachten wir einen
815 5852 5460 6089 solchen als tonischen Haupt-Dreiklang und stellen ihm als
796 6085 5446 6287 Nebendreiklänge den unterdominantischen und den oberdominan¬
814 6255 5459 6469 tischen Durdreiklang gegenüber, so ist die Skala und nach neueren
821 6453 4968 6654 Begriffen die Tonart vollständig bestimmt, z. B. C-Dur:
914 7240 5431 7455 Wie sich aber durch den Zusammenklang der Quint C G
807 7480 5452 7688 mit der Terze als sekundäres Intervall die kleine Terz e G bildet,
790 7647 5452 7897 so ergeben sich durch Zusammenstellung des tonischen Durdrei¬
800 7869 5450 8154 klangs mit seinen durgeschlechtlichen Nebenaccorden noch vier
805 8071 5439 8374 Zwischendreiklänge, nämlich außer den verminderten Drei¬
