5958 9275
3021 659 3312 938 38
841 993 5538 1260 Maße sich entfernender Schritt, dann auch insofern, als er nach
865 1236 5555 1456 geometrischem Maße vom tonikalen Zweizalenverhältnis
848 1401 4081 1722 ausgeht und zu den höheren Zalen aufsteigt.
1207 1589 5542 1979 Umgekehrt ist im phonischen d}}}-Geschlechte derselbe Ton¬
840 1964 5537 2231 schritt doppelte Rückschreitung. Wir müssen ihn hier mit der
868 2141 5496 2511 Ration $$MATH bezeichnen. Das Aufsteigen ist im phonischen Ge¬
872 2493 5557 2800 schlechte schon an sich harmonische Annäherung an die
877 2735 5561 2975 Phonika, und auch geometrisch geht der in Rede stehende
871 2926 5561 3183 Schritt von der Dreizal zur phonikalen Zweizal zurück. Kehren
884 3194 5540 3430 wir den Schritt um und nehmen wir d vor c, so ist dies doppelte
857 3368 5542 3629 tonische Rückschreitung (ein eigentlicher Rückfall in die To¬
852 3595 5548 3792 nika) und doppelte phonische Fortschreitung. Bei dem Intervall
848 3764 5556 3997 h—c} zeigt sich ein interessantes und lehrreiches Widerspiel des
856 4018 5535 4226 arithmetischen bezw. harmonischen und des geometrischen Gesetzes.
873 4173 5563 4453 In harmonikaler Beziehung gibt das letztere den Ausschlag, weil
847 4384 5537 4639 es jeder Klangbeziehung ihre specifische Verwandtschafts¬
851 4601 5552 4827 stellung gibt. Der genannte Melodieschritt ist also im tonischen
895 4772 5561 4994 C{-Geschlecht entschieden Rückschreitung von dem melodischen
873 5028 5557 5252 Bewegungsmomente der kombinirten Drei- und Fünfzal (15) zu
860 5247 5562 5463 dem Ruhepunkte der tonikalen Zweizal (16). Dasselbe ist im
901 5573 5550 5823 phonischen h}}}}-Systeme mit dem umgekehrten Schritte c}—h der
879 5793 5557 6054 Fall. Aber das arithmetische und das harmonische Maß streiten
870 5983 5572 6238 dawider. Nach diesen ist jeder Schritt nach oben im tonischen
896 6211 5563 6449 Geschlecht Fortschreitung, im phonischen Rückschreitung, und
899 6459 5571 6674 umgekehrt. Durch diesen Widerstand der beiden Zalengesetze
885 6623 5546 6856 werden jene Rückschreitungen, tonisch h—c}, phonisch c}—h,
887 6814 5559 7035 schwungvoll, kün, und können sogar unter Umständen gewaltsam,
936 7008 2808 7258 ja unnatürlich werden.1)
1223 7234 5530 7506 Bruchstückweise haben wir in vorstehendem zur Klarlegung
885 7459 5547 7674 der symphonischen und melodischen Klangbeziehungen im Dur-
882 7642 5566 7869 und Mollgeschlecht eine Theorie vorgetragen und zum Teil in
1189 8018 5565 8161 1) Kennern des gregorianischen Chorals ist es nicht unbekannt, dass der Schritt
869 8128 5548 8372 h—c} als eigentlicher Schlussfall der Melodie in dieser Art von Musik niemals vorkommt.
