5958 9425
2426 714 2668 1032 17
104 1060 4867 1388 Doch zwingen uns auf der anderen Seite unumstößliche musika¬
110 1313 4851 1558 lische Gesetze, deren allgemeine Gültigkeit von den Schwankun¬
146 1500 4880 1782 gen des Kunstgeschmackes nicht abhängig sein kann, zu der
134 1693 4887 1982 Annahme, dass sich die Begriffe von Konsonanz und Dissonanz
122 1918 4880 2176 nicht aus dem rein elementaren Wol- oder Missklange erklären
151 2120 4862 2405 lassen, sondern — in erster Linie — nur aus der Verwandt¬
129 2371 4840 2582 schaft mit der natürlichen Tonika, welche den ideellen oder reellen,
199 2519 4839 2802 psychologischen oder physiologischen Verschmelzungs- oder Eini¬
157 2723 4886 3022 gungspunkt bildet, durch welchen Klänge, die aus verschiedenen
202 2920 4196 3152 Quellen stammen, den Eindruck eines einzigen machen.
572 3223 4907 3526 Wir könnten hier sogar den Umstand geltend machen, dass
197 3430 4914 3648 der Molldreiklang selbst in der musikalischen Praxis nicht im
202 3611 4884 3905 Stande ist, seine Verwandtschaft mit einem tonikalen Vollklange
210 3841 4880 4088 ganz zu verleugnen. In der As-dur-Tonart ist der c-moll-Dreiklang
214 4020 4884 4279 ein nicht unwichtiger, leitereigener Accord, und zwar im Verhält¬
204 4270 4886 4488 nis zum tonikalen Accord kein konsonantischer, sondern ein disso¬
214 4438 4866 4667 nantischer, welcher der Auflösung bedarf. Als ein unwidersprech¬
227 4611 4897 4842 licher Beweis, dass der Konsonanzbegriff in erster Linie von dem
251 4829 4897 5095 Verhältnis eines Klanges zur Durtonika abhängt, muss aber
231 5051 4895 5280 z. B. die Quart gelten. Diese ist zugestandenermassen eine der
250 5234 4891 5533 vollkommensten Konsonanzen, so lange man nur nach dem natür¬
235 5464 4923 5716 lichen Wolklange fragt. In dem Accorde c} f} g} c}} aber z. B. ist
266 5705 4919 5927 sie eine scharfe Dissonanz und kann trotz ihres Wolklanges nicht
257 5871 4921 6094 als Konsonanz gefült werden. Wenn hier die Schwebungen von
303 6052 4878 6322 f} und g} und ihren Obertönen gleichzeitig dem Klange eine be¬
295 6320 4901 6511 deutende elementare Schärfe verleihen, so kann dies nur sekun¬
284 6472 4919 6687 däres Moment sein; denn sobald nur der C-Klang als Tonica das
297 6661 4896 6910 Hauptgewicht hat, muss f} als fremdes Element dissonantisch wir¬
306 6862 4930 7141 ken. Dagegen ist die eigentliche Heimat des Accordes c} f} g} c}}
297 7084 4920 7335 der F{-Klang, nur ist die Fülung desselben mit seiner Tonika
312 7291 4930 7527 schon sehr schwach, so dass diese Form im F-Klange schon über
294 7495 4929 7749 die Konsonanzgrenze hinausgeht. Als einheitlicher Klang kann
316 7682 4922 7911 sie also bei der Unzulänglichkeit der konjunktiven Kraft der
336 7897 4888 8120 Tonika nicht empfunden werden; sie wird erst wider fassbar,
326 8098 4913 8381 wenn sie auf künstlerischem Wege, d. h. durch melodische Fort¬
