5958 9537
3120 660 3404 950 50
853 994 5670 1411 hätte, sind wir bei zwei divergirenden Polen angelangt, um welche
853 1289 5670 1572 sich zwei skalenartige Gebilde krystallisirt haben, die aber für
878 1503 5659 1766 die Praxis unbrauchbar oder wenigstens in hohem Grade unge¬
859 1724 5688 1913 bräuchlich sind. Wir sagen noch mehr: So weit wir bis jetzt
868 1928 5667 2149 diese Skalen betrachtet haben, sind sie überhaupt keine Tonarten
861 2134 5665 2349 im vollen Sinne des Wortes. Wol weisen sie beide wichtige
874 2315 5643 2569 Elemente musikalischer Bildungen auf: Ruhe, Bewegung, Durch¬
883 2559 5659 2799 gang, Fort- und Rückschreitung; aber alles dieses nur innerhalb
855 2754 5696 2969 eines Klangwesens oder eines Gegenklangsystemes. Und hiermit
854 2954 5641 3187 ist eben das Wesen der Musik nicht erschöpft. Zur Erklärung
870 3163 5687 3422 der lebensfähigen Oktavengattung, der eigentlichen Tonart ist
872 3371 5641 3625 auch der Gegensatz von Dur und Moll nicht hinreichend. Unge¬
862 3590 5662 3834 nügend war zu gleichem Zwecke das Systema maximum der
888 3785 5634 4066 Griechen, welches einseitig auf Molltetrachorde gegründet war;
882 3952 5658 4209 ungenügend ist auch die moderne, einseitig dem Durgeschlechte
865 4196 5683 4430 zugewandte Theorie; aber auch der ausgeprägte und konsequent
857 4426 5668 4686 durchgefürte offene Dualismus fürt uns nur bis an die Grenzen
855 4622 1714 4922 der Musik.
1207 4867 5666 5124 Der befruchtende Keim für die eigentliche Kunstschönheit
864 5069 5670 5289 liegt in einer von uns nur flüchtig angedeuteten tieferen Ver¬
883 5292 5677 5540 wandtschaft bestimmter antiphoner Formen, die sich von
861 5521 5673 5762 selbst zu einer wirksamen Tonart verschmelzen. Nur durch
876 5761 5653 5970 Kontrastwirkung kann sich die ganze Schönheit einer klingenden
917 5925 5658 6185 Grundform offenbaren. Darum muss in jede tonische Grundform
879 6184 5662 6417 ein phonisches, in jede phonische Grundform ein tonisches Gegen¬
894 6328 5671 6584 system sich gleichsam einschieben, damit durch eine solche
876 6573 5671 6823 Mischung die Momente der Bewegung innerhalb der Skala einer
863 6759 4283 7001 eigentlichen Gegenwirkung erst fähig werden.
1226 7045 5650 7266 Die Lehre von den Tonarten überschreitet also unsern der¬
884 7191 5691 7473 maligen Zweck; denn sie ist nicht mehr Theorie des Dur- oder
900 7431 5677 7681 Mollgeschlechts, sondern Theorie der natürlichen und künstlichen
901 7633 5660 7874 Mischung beider Geschlechter. Erst aus der organischen Ver¬
902 7860 5684 8101 einigung des Tonischen und Phonischen, des arithmetischen und
896 8086 5696 8299 harmonischen Zalenverhältnisses, des Ruhenden und Bewegten,
899 8252 5676 8538 des Männlichen und Weiblichen, des positiven und negativen
