5958 9483
3055 583 3311 914 10
813 912 5590 1205 Begehrenswertem und Unschönem; und je mehr es durch die sitti¬
806 1212 5602 1473 gende Kultur geläutert ist, mit desto sichererem Geschmacke wird
797 1441 5605 1678 es die beiden Gebiete scheiden. Das Unschöne ist freilich nicht
792 1665 5581 1890 wesentlich hässlich. Da es sich hier noch um reines Natur¬
825 1856 5555 2106 produkt handelt, so wont in ihm vollkommene Gesetzmässigkeit,
804 2038 5605 2265 welche ja das Objektive der Schönheit ist; aber die begehrende
809 2266 5592 2499 Seite des Menschengeistes vermag nur einen Teil des Gesetz¬
810 2450 5617 2652 mässigen zu erfassen und, weil sie ihn erfasst, zu lieben.1) Un¬
803 2635 5598 2909 messbares gibt es zuletzt nicht mehr für den forschenden und
785 2877 5611 3125 rechnenden Verstand; aber manches bleibt für die $$GRAPHIC un¬
784 3080 1690 3375 fassbar.2)
1160 3296 5616 3538 Doch sind die Banen der Tätigkeit des einen und unteilbaren
814 3480 5603 3740 Geistes one Zweifel nur formell getrennt; die materiellen Resultate
798 3720 5617 3938 müssen analog und bis zu einem gewissen Punkte übereinstimmend
788 3891 5589 4130 sein. Zwar decken sich Gesetzmässigkeit und Schönheit nicht,
809 4094 5616 4351 weil die erstere nur quantitative Unterschiede, vom Ein¬
792 4308 5558 4535 fachsten bis zum Zusammengesetztesten, aufweist, die letzterei da¬
841 4510 5576 4790 gegen einem qualitativen Gegensatze sich gegenüber ge¬
806 4713 1730 4996 stellt sieht.
1168 4888 5594 5149 Dennoch muss sich die allgemeine Regel auch hier bewar¬
811 5128 5576 5360 heiten, dass das Schöne aus der einfacheren Gesetzlichkeit resultirt,
829 5347 5624 5565 wärend diejenigen Naturprodukte, welche komplicirteren Gesetzen
822 5557 5611 5765 folgen, von einer gewissen, entweder genau oder doch annähernd
824 5763 5620 6023 bestimmbaren Grenze an das Schönheitsgefül in der Seele nicht
810 5961 2967 6205 mehr zu erregen vermögen.
1159 6160 5627 6393 Nach diesem teilt sich die musikalische Elementartheorie
810 6347 5624 6655 in zwei Gebiete, ein physikalisch-mathematisches
841 6579 5595 6805 und ein ästhetishes. Erst nachdem das erstere die Gesetz¬
839 6782 5646 7020 lichkeit der Tonverbindungen geprüft, den Einfluss, welchen die
819 7024 5602 7214 natürlichen, unvermeidlichen Zusammenklänge auf die nach künst¬
820 7184 5615 7428 lerischer Entwickelung des Schönen strebende Seele ausüben
805 7409 5618 7665 müssen, dargelegt, kurz, das ganze natürliche Klangsystem in
1200 7778 5614 7968 1) Musikalische Briefe von Dr. Eduard Krüger. Münster, 1870, S. 20: „Aller
823 7928 5635 8041 Schönheit verborgener Liebeszug offenbart sich in dem Suchen und Finden, dem Mit¬
822 8037 5617 8198 leben: Die Symbiosis der Geschlechtsliebe ist Ur- und Abbild aller Symmetrie, Sym¬
818 8150 1986 8292 pathie, Symphonie”.
1113 8186 5610 8460 2) Ebenda S. 9: „Alles Schöne trägt wie alles Lebendige einen mystischen Ueber¬
822 8334 3740 8581 schuss des Lebens, der nicht in die Division aufgeht.”
