5958 9366
3127 591 3378 908 40
891 982 5646 1265 seinem unverständig reformsüchtigen Schüler Aristoxenos
898 1195 5612 1459 eine terra incognita war. Sich stützend auf die neuesten Er¬
894 1450 5619 1664 gebnisse der physikalischen Forschung, und unerschütterlich fest¬
888 1617 5660 1871 haltend an dem Satze, dass die Forderungen des menschlichen
905 1786 5630 2052 Ores in ästhetischer Beziehung auch durch jartausendelangen
886 2003 5616 2281 Kampf ums Dasein sich nicht über die psychologisch und physi¬
909 2170 5651 2465 kalisch notwendigen Zalengesetze hinaus verändern konnten, ist
919 2425 5651 2696 der Freiherr von Thimus den Spuren dieser Theorie nach¬
943 2628 5621 2861 gegangen, welche vor allem jener Musik zu Grunde gelegen hat,
906 2837 5625 3074 die das künstlerisch reifste, also empfindlichste Volk des Alter¬
913 3035 5615 3300 tums zu den überschwenglichsten Lobeserhebungen hinreißen
907 3202 5597 3457 konnte. Auf diesem Wege erzielte er die erfreulichsten und um¬
898 3428 5635 3651 fassendsten Resultate. Er fürt uns durch fast alle Kulturvölker
917 3644 5636 3856 der Vorzeit hindurch, und überall deckt er uns unter dem teils
906 3833 5637 4116 absichtlich, teils unabsichtlich aufgelagerten Schutte dilettantisch-
900 4046 5643 4310 exoterischer Spekulation einen waren Goldschatz uralter Weisheit
903 4308 5658 4515 auf, den esoterischen Zalen-Dualismus, welcher
918 4452 5655 4688 die naturphilosophische Grundlage nicht nur zur Akustik und
916 4669 5612 4940 Harmonik, sondern auch zu einer allgemeinen kosmischen Be¬
926 4881 5628 5105 wegungstheorie zu werden vermochte und zum Teil geworden ist,
919 5066 5639 5353 die den unumstößlichen Beweis ihrer allumfassenden Richtigkeit
910 5322 5641 5559 erst durch die allerneuesten Errungenschaften der physikalischen
912 5514 4146 5763 und chemischen Wissenschaft gefunden hat. 2)
1268 5726 5622 6033 2) Ein Wort von Helmholtz (S. 347): „. . . noch in allerneuester
909 6021 5634 6192 Zeit ergötzen sich (an den Spekulationen über Sphärenharmonie) einzelne natur¬
933 6122 5628 6328 philosophische Gemüter, denen Phantasiren bequemer ist, als wissenschaftliche
936 6279 5632 6434 Arbeit”, wird von dem übrigens um die Berechnung der Tonleiter hochverdienten
922 6424 5647 6585 Mathematiker G. Schubring mit Unrecht auf von Thimus angewandt
924 6540 5643 6711 (Giebel's Zeitschr. f. d. ges. Naturwissenschaften, Bd. XXXII, Berlin 1868,
912 6668 5614 6816 S. 69 ff). Die „Harmonikale Symbolik” hat die exakten Wissenschaften keines¬
915 6776 5647 6974 wegs zu scheuen. Sie verfolgt in erster Linie nur archäologische Zwecke und
943 6964 5639 7141 benützt dabei die Quellen in so umfassender Weise, und mit so strenger kriti¬
921 7071 5640 7229 scher Sichtung, dass jeder musikalische Schriftsteller unserer Tage ihren Ver¬
933 7201 5646 7388 fasser darum beneiden darf. Das Resultat fällt dann allerdings für die natur¬
948 7341 5656 7547 philosophische Spekulation des Altertums nicht gar so absprechend aus, als man
932 7515 5652 7671 dies seit langem gewont ist. Dass die antiken naturphilosophischen Prinzipien
917 7620 5654 7777 der heutigen Naturforschung nicht so ganz fremdartig gegenüberstehen, hat in
917 7785 5648 7942 allerneuester Zeit auch Dr. A. Völkel anerkannt, welcher in der „Gäa”, De¬
916 7871 5647 8046 zemberheft 1874, einen diesbezüglichen Aufsatz veröffentlicht, unter dem Titel:
949 8001 5651 8200 „Das heraklitische Prinzip und die heutige Naturforschung”. Bei einem Einblick
926 8143 5657 8354 in gewisse Partieen der „Harm. Symb.” würde Hr. Dr. Völkel sich one
