<?xml version="1.0" encoding="UTF-8" standalone="yes"?>
<PcGts xmlns="http://schema.primaresearch.org/PAGE/gts/pagecontent/2013-07-15" xmlns:xsi="http://www.w3.org/2001/XMLSchema-instance" xsi:schemaLocation="http://schema.primaresearch.org/PAGE/gts/pagecontent/2013-07-15 http://schema.primaresearch.org/PAGE/gts/pagecontent/2013-07-15/pagecontent.xsd">
    <Metadata>
        <Creator>prov=University of Rostock/Institute of Mathematics/CITlab|PLANET AI GmbH/Gundram Leifert/gundram.leifert@planet-ai.de:name=ONB_Newseye_GT_M1+(htr_id=10810)::::v=2.6.7
prov=University of Rostock/Institute of Mathematics/CITlab|PLANET AI GmbH/Tobias Gruening/tobias.gruening@planet-ai.de:name=de.uros.citlab.module.baseline2polygon.B2PSeamMultiOriented:v=2.6.7
prov=University of Rostock/Institute of Mathematics/CITlab|PLANET AI GmbH/Tobias Gruening/tobias.gruening@planet-ai.de:name=/net_tf/LA73_249_0mod360.pb:de.uros.citlab.segmentation.CITlab_LA_ML:v=2.6.7
Transkribus</Creator>
        <Created>2021-07-02T17:08:32.355+02:00</Created>
        <LastChange>2021-08-23T16:56:59.437+02:00</LastChange>
        <TranskribusMetadata docId="716327" pageId="27687979" pageNr="15" tsid="63155096" status="DONE" userId="74363" imgUrl="https://files.transkribus.eu/Get?id=WCYWLLUTGTVWICVAYCJXLHKI&amp;fileType=view" xmlUrl="https://files.transkribus.eu/Get?id=XYBRISXIMVFKULQKARJLEQQL" imageId="21505076"/>
    </Metadata>
    <Page imageFilename="Thürlings_1877-0015.jpg" imageWidth="5958" imageHeight="9287" type="content">
        <ReadingOrder>
            <OrderedGroup id="ro_1630574289217" caption="Regions reading order">
                <RegionRefIndexed index="0" regionRef="region_1625584854775_486"/>
                <RegionRefIndexed index="1" regionRef="TextRegion_1625584796675_457"/>
                <RegionRefIndexed index="2" regionRef="TextRegion_1625584796675_456"/>
            </OrderedGroup>
        </ReadingOrder>
        <TextRegion type="page-number" id="region_1625584854775_486" custom="readingOrder {index:0;} structure {type:page-number;}">
            <Coords points="3118,797 3118,847 3423,847 3423,797"/>
            <TextLine id="line_1625584854806_489" custom="readingOrder {index:0;}">
                <Coords points="3100,896 3180,892 3200,876 3236,888 3256,868 3280,884 3308,856 3352,884 3408,856 3444,860 3444,740 3420,740 3388,764 3316,708 3272,704 3240,720 3212,692 3156,728 3136,716 3100,728"/>
                <Baseline points="3118,842 3423,842"/>
                <TextEquiv>
                    <Unicode>4</Unicode>
                </TextEquiv>
            </TextLine>
            <TextEquiv>
                <Unicode>4</Unicode>
            </TextEquiv>
        </TextRegion>
        <TextRegion orientation="0.0" type="paragraph" id="TextRegion_1625584796675_457" custom="readingOrder {index:1;} structure {type:paragraph;}">
            <Coords points="874,1089 5578,1089 5578,3080 874,3080"/>
            <TextLine id="r2l1" custom="readingOrder {index:0;} concept_mus {offset:49; length:11;}">
                <Coords points="855,1246 5559,1212 5559,1067 5169,944 855,1019"/>
                <Baseline points="884,1196 1116,1193 1348,1190 1581,1188 1813,1188 2046,1188 2278,1188 2510,1188 2743,1188 2975,1188 3208,1190 3440,1190 3672,1190 3905,1192 4137,1192 4370,1192 4602,1192 4834,1192 5067,1190 5299,1190 5532,1188"/>
                <TextEquiv>
                    <Unicode>scheinungen aufs äußerste gelockert, so dass die Accordlehre</Unicode>
                </TextEquiv>
            </TextLine>
            <TextLine id="r2l2" custom="readingOrder {index:1;}">
                <Coords points="867,1426 5559,1457 5559,1270 5023,1206 867,1240"/>
                <Baseline points="898,1396 1129,1394 1361,1392 1593,1392 1824,1390 2056,1390 2288,1390 2519,1390 2751,1390 2983,1390 3215,1392 3446,1392 3678,1392 3910,1392 4141,1394 4373,1394 4605,1394 4836,1394 5068,1392 5300,1392 5532,1390"/>
                <TextEquiv>
                    <Unicode>schon gezwungen war, ihren eigenen Weg zu gehen. Jedoch</Unicode>
                </TextEquiv>
            </TextLine>
            <TextLine id="r2l3" custom="readingOrder {index:2;}">
                <Coords points="846,1664 5509,1660 5543,1444 845,1414"/>
                <Baseline points="876,1602 1107,1598 1339,1596 1571,1596 1803,1594 2035,1594 2266,1592 2498,1592 2730,1592 2962,1594 3194,1594 3425,1594 3657,1594 3889,1594 4121,1594 4353,1594 4584,1594 4816,1594 5048,1592 5280,1591 5512,1590"/>
                <TextEquiv>
                    <Unicode>auch dieses lockere Band erschien noch manchem als ein unbe¬</Unicode>
                </TextEquiv>
            </TextLine>
            <TextLine id="r2l4" custom="readingOrder {index:3;}">
                <Coords points="846,1845 5369,1870 5555,1654 846,1699"/>
                <Baseline points="874,1806 1106,1802 1339,1800 1571,1798 1804,1796 2036,1796 2269,1794 2501,1794 2734,1794 2966,1794 3199,1794 3431,1794 3664,1796 3896,1796 4129,1796 4361,1796 4594,1796 4826,1796 5059,1796 5291,1796 5524,1794"/>
                <TextEquiv>
                    <Unicode>rechtigter Hemmschuh, und das beharrliche Streben, dasselbe, ge¬</Unicode>
                </TextEquiv>
            </TextLine>
            <TextLine id="r2l5" custom="readingOrder {index:4;} concept_mus {offset:31; length:20;}">
                <Coords points="886,2025 5538,2056 5537,1905 5177,1841 886,1903"/>
                <Baseline points="914,2004 1143,2002 1373,2000 1602,2000 1832,1998 2062,1998 2291,1996 2521,1996 2750,1994 2980,1994 3210,1994 3439,1994 3669,1994 3898,1994 4128,1994 4358,1994 4587,1996 4817,1996 5046,1998 5276,2000 5506,2002"/>
                <TextEquiv>
                    <Unicode>stützt auf die Forderungen der musikalischen Praxis, zu lösen,</Unicode>
                </TextEquiv>
            </TextLine>
            <TextLine id="r2l6" custom="readingOrder {index:5;} textStyle {offset:19; length:11;fontSize:0.0; kerning:0; letterSpaced:true;} person_author {offset:19; length:11;ID:P0012;}">
                <Coords points="882,2246 5563,2233 5562,2093 5067,2013 882,2112"/>
                <Baseline points="910,2206 1141,2204 1372,2202 1603,2201 1835,2200 2066,2200 2297,2198 2529,2198 2760,2198 2991,2198 3223,2198 3454,2198 3685,2198 3916,2198 4148,2198 4379,2198 4610,2198 4842,2198 5073,2196 5304,2196 5536,2194"/>
                <TextEquiv>
                    <Unicode>steigerte sich bei Kiesewetter und seinen neu-aristoxenischen</Unicode>
                </TextEquiv>
            </TextLine>
            <TextLine id="r2l7" custom="readingOrder {index:6;}">
                <Coords points="875,2439 5567,2430 5531,2232 874,2235"/>
                <Baseline points="906,2406 1137,2404 1369,2402 1600,2400 1832,2400 2064,2398 2295,2398 2527,2398 2758,2398 2990,2398 3222,2398 3453,2400 3685,2400 3916,2400 4148,2400 4380,2400 4611,2400 4843,2400 5074,2400 5306,2398 5538,2396"/>
                <TextEquiv>
                    <Unicode>Freunden zu einem recht eigentlichen Paroxysmus, und dies zu</Unicode>
                </TextEquiv>
            </TextLine>
            <TextLine id="r2l8" custom="readingOrder {index:7;} concept_phy {offset:19; length:6;}">
                <Coords points="864,2706 5568,2649 5567,2434 5329,2393 864,2491"/>
                <Baseline points="894,2606 1126,2606 1358,2604 1590,2604 1822,2604 2054,2602 2286,2602 2518,2602 2750,2602 2982,2602 3215,2602 3447,2602 3679,2602 3911,2602 4143,2602 4375,2602 4607,2602 4839,2602 5071,2600 5303,2600 5536,2600"/>
                <TextEquiv>
                    <Unicode>einer Zeit, wo die Physik zur Geltendmachung ihrer Ansprüche</Unicode>
                </TextEquiv>
            </TextLine>
            <TextLine id="r2l9" custom="readingOrder {index:8;}">
                <Coords points="884,2858 5553,2865 5454,2614 885,2713"/>
                <Baseline points="914,2808 1144,2806 1375,2806 1605,2804 1836,2804 2066,2804 2297,2804 2527,2804 2758,2804 2988,2804 3219,2806 3449,2806 3680,2806 3910,2806 4141,2806 4371,2806 4602,2806 4832,2806 5063,2806 5293,2804 5524,2804"/>
                <TextEquiv>
                    <Unicode>schon mit ganz anderen Errungenschaften und Beweisen ins Feld</Unicode>
                </TextEquiv>
            </TextLine>
            <TextLine id="r2l10" custom="readingOrder {index:9;}">
                <Coords points="896,3035 1030,3070 1158,3040 1211,3075 1251,3034 1298,3069 1467,3027 1583,3074 1676,3027 1746,3055 1845,3026 1979,3072 1979,2903 1839,2846 1711,2910 1449,2841 1280,2883 1181,2848 1012,2884 896,2855"/>
                <Baseline points="924,3010 975,3008 1026,3008 1077,3008 1128,3008 1180,3007 1231,3006 1282,3006 1333,3006 1384,3006 1436,3006 1487,3006 1538,3006 1589,3006 1640,3006 1692,3006 1743,3006 1794,3006 1845,3004 1896,3004 1948,3004"/>
                <TextEquiv>
                    <Unicode>rücken konnte.</Unicode>
                </TextEquiv>
            </TextLine>
            <TextEquiv>
                <Unicode>scheinungen aufs äußerste gelockert, so dass die Accordlehre&#13;
schon gezwungen war, ihren eigenen Weg zu gehen. Jedoch&#13;
auch dieses lockere Band erschien noch manchem als ein unbe¬&#13;
rechtigter Hemmschuh, und das beharrliche Streben, dasselbe, ge¬&#13;
stützt auf die Forderungen der musikalischen Praxis, zu lösen,&#13;
steigerte sich bei Kiesewetter und seinen neu-aristoxenischen&#13;
Freunden zu einem recht eigentlichen Paroxysmus, und dies zu&#13;
einer Zeit, wo die Physik zur Geltendmachung ihrer Ansprüche&#13;
schon mit ganz anderen Errungenschaften und Beweisen ins Feld&#13;
rücken konnte.</Unicode>
            </TextEquiv>
        </TextRegion>
        <TextRegion orientation="0.0" id="TextRegion_1625584796675_456" custom="readingOrder {index:2;} structure {type:paragraph-continued;}">
            <Coords points="874,3080 5578,3080 5578,8297 874,8297"/>
            <TextLine id="r2l11" custom="readingOrder {index:0;} concept_mus {offset:42; length:9;}">
                <Coords points="1222,3289 5407,3279 5564,3261 5564,3017 1222,3062"/>
                <Baseline points="1250,3200 1464,3202 1678,3204 1893,3204 2107,3206 2322,3206 2536,3208 2750,3208 2965,3208 3179,3208 3394,3210 3608,3210 3822,3208 4037,3208 4251,3208 4466,3208 4680,3206 4894,3206 5109,3204 5323,3202 5538,3202"/>
                <TextEquiv>
                    <Unicode>Die fast ganz auf sich selbst angewiesene Harmonie- und</Unicode>
                </TextEquiv>
            </TextLine>
            <TextLine id="r2l12" custom="readingOrder {index:1;} concept_mus {offset:0; length:17;}">
                <Coords points="881,3459 5556,3469 5498,3242 882,3278"/>
                <Baseline points="908,3404 1138,3406 1369,3406 1600,3406 1831,3406 2062,3406 2293,3406 2524,3408 2755,3408 2986,3408 3217,3408 3447,3408 3678,3410 3909,3410 4140,3410 4371,3410 4602,3410 4833,3410 5064,3408 5295,3408 5526,3408"/>
                <TextEquiv>
                    <Unicode>Kompositionslehre fand sich mittlerweile leidlich und zum Teil</Unicode>
                </TextEquiv>
            </TextLine>
            <TextLine id="r2l13" custom="readingOrder {index:2;} concept_mus {offset:43; length:20; continued:true;}">
                <Coords points="889,3662 5289,3676 5528,3647 5528,3496 889,3505"/>
                <Baseline points="920,3608 1148,3608 1377,3608 1606,3608 1835,3608 2064,3608 2293,3608 2522,3608 2751,3608 2980,3610 3209,3610 3437,3610 3666,3610 3895,3610 4124,3610 4353,3610 4582,3610 4811,3610 5040,3610 5269,3610 5498,3608"/>
                <TextEquiv>
                    <Unicode>sehr gut zurecht. Der Mangel eines rechten theoretischen Unter¬</Unicode>
                </TextEquiv>
            </TextLine>
            <TextLine id="r2l14" custom="readingOrder {index:3;} concept_mus {offset:0; length:7; continued:true;} m_tonality {offset:28; length:14;}">
                <Coords points="906,3866 5563,3914 5563,3676 5208,3635 906,3709"/>
                <Baseline points="934,3814 1164,3812 1394,3810 1624,3810 1854,3808 2084,3808 2314,3808 2544,3808 2774,3810 3004,3810 3234,3810 3464,3810 3694,3812 3924,3812 4154,3812 4384,3812 4614,3812 4844,3812 5074,3812 5304,3810 5534,3810"/>
                <TextEquiv>
                    <Unicode>grundes, namentlich für das Mollgeschlecht, machte sich indessen</Unicode>
                </TextEquiv>
            </TextLine>
            <TextLine id="r2l15" custom="readingOrder {index:4;} concept_mus {offset:28; length:11;}">
                <Coords points="879,4018 5565,4106 5565,3914 5257,3844 879,3884"/>
                <Baseline points="906,4006 1137,4007 1369,4008 1600,4009 1832,4010 2063,4010 2295,4010 2526,4010 2758,4010 2989,4010 3221,4010 3452,4010 3684,4010 3915,4010 4147,4010 4378,4012 4610,4012 4841,4012 5073,4014 5304,4016 5536,4016"/>
                <TextEquiv>
                    <Unicode>doch fülbar, weniger in der Accordlehre, aber entschieden in der</Unicode>
                </TextEquiv>
            </TextLine>
            <TextLine id="r2l16" custom="readingOrder {index:5;} concept_mus {offset:0; length:11;} m_tonality {offset:57; length:4; continued:true;}">
                <Coords points="879,4268 5012,4309 5541,4275 5542,4089 879,4070"/>
                <Baseline points="906,4206 1136,4208 1366,4208 1597,4208 1827,4210 2058,4210 2288,4210 2518,4210 2749,4210 2979,4212 3210,4212 3440,4212 3670,4212 3901,4212 4131,4212 4362,4212 4592,4212 4822,4214 5053,4214 5283,4214 5514,4214"/>
                <TextEquiv>
                    <Unicode>Skalenlehre. Während über die „befriedigendste” Form der Dur¬</Unicode>
                </TextEquiv>
            </TextLine>
            <TextLine id="r2l17" custom="readingOrder {index:6;} m_tonality {offset:0; length:9; continued:true;}">
                <Coords points="893,4438 5562,4442 5562,4261 893,4251"/>
                <Baseline points="920,4410 1150,4410 1381,4410 1611,4410 1842,4410 2073,4412 2303,4412 2534,4412 2764,4412 2995,4414 3226,4414 3456,4414 3687,4416 3917,4416 4148,4416 4379,4416 4609,4416 4840,4418 5070,4418 5301,4418 5532,4418"/>
                <TextEquiv>
                    <Unicode>tonleiter von vornherein kein Zweifel sein konnte, zeigte sich das</Unicode>
                </TextEquiv>
            </TextLine>
            <TextLine id="r2l18" custom="readingOrder {index:7;} m_tonality {offset:0; length:14;} concept_mus {offset:23; length:13;}">
                <Coords points="894,4653 5539,4644 5231,4440 894,4455"/>
                <Baseline points="924,4610 1153,4610 1382,4610 1611,4610 1840,4612 2070,4612 2299,4612 2528,4612 2757,4612 2986,4614 3216,4614 3445,4614 3674,4614 3903,4614 4132,4616 4362,4616 4591,4616 4820,4616 5049,4618 5278,4618 5508,4618"/>
                <TextEquiv>
                    <Unicode>Mollgeschlecht für die Skalenbildung außerordentlich schwierig.</Unicode>
                </TextEquiv>
            </TextLine>
            <TextLine id="r2l19" custom="readingOrder {index:8;} m_tonality {offset:31; length:5;} m_note {offset:42; length:9;} m_interval {offset:56; length:5;}">
                <Coords points="891,4857 5501,4915 5554,4659 891,4682"/>
                <Baseline points="920,4810 1150,4812 1380,4812 1610,4812 1840,4812 2071,4812 2301,4814 2531,4814 2761,4814 2991,4814 3222,4814 3452,4816 3682,4816 3912,4816 4142,4818 4373,4818 4603,4818 4833,4820 5063,4820 5293,4822 5524,4824"/>
                <TextEquiv>
                    <Unicode>Nur über die untere Hälfte der Skala, vom Grundtone zur Quint,</Unicode>
                </TextEquiv>
            </TextLine>
            <TextLine id="r2l20" custom="readingOrder {index:9;} m_interval {offset:47; length:5;}">
                <Coords points="890,5036 5337,5100 5547,5060 5547,4873 890,4913"/>
                <Baseline points="918,5016 1148,5016 1378,5016 1608,5016 1838,5016 2068,5016 2298,5016 2528,5016 2758,5016 2988,5016 3218,5018 3448,5018 3678,5018 3908,5018 4138,5018 4368,5018 4598,5016 4828,5016 5058,5016 5288,5016 5518,5016"/>
                <TextEquiv>
                    <Unicode>war man eines Sinnes; bei der übrig bleibenden Quart dagegen</Unicode>
                </TextEquiv>
            </TextLine>
            <TextLine id="r2l21" custom="readingOrder {index:10;}">
                <Coords points="879,5252 5560,5245 5414,5059 879,5042"/>
                <Baseline points="910,5210 1140,5212 1371,5214 1602,5214 1833,5216 2064,5216 2295,5216 2526,5218 2757,5218 2988,5218 3219,5218 3449,5218 3680,5218 3911,5218 4142,5218 4373,5218 4604,5218 4835,5218 5066,5218 5297,5217 5528,5216"/>
                <TextEquiv>
                    <Unicode>begann man Unterscheidungen zu machen zwischen absteigender</Unicode>
                </TextEquiv>
            </TextLine>
            <TextLine id="r2l22" custom="readingOrder {index:11;} concept_mus {offset:28; length:11;} concept_mus {offset:44; length:12;} m_tonality {offset:57; length:6;}">
                <Coords points="907,5456 4953,5530 5535,5479 5536,5246 908,5316"/>
                <Baseline points="936,5418 1164,5418 1393,5418 1621,5418 1850,5418 2079,5418 2307,5418 2536,5418 2764,5418 2993,5418 3222,5418 3450,5418 3679,5418 3907,5418 4136,5420 4365,5420 4593,5420 4822,5422 5050,5422 5279,5424 5508,5426"/>
                <TextEquiv>
                    <Unicode>und aufsteigender, zwischen melodischer und harmonischer Leiter,</Unicode>
                </TextEquiv>
            </TextLine>
            <TextLine id="r2l23" custom="readingOrder {index:12;}">
                <Coords points="885,5682 5193,5716 5554,5507 885,5508"/>
                <Baseline points="916,5618 1146,5618 1376,5618 1607,5618 1837,5620 2068,5620 2298,5620 2528,5620 2759,5620 2989,5620 3220,5620 3450,5622 3680,5622 3911,5622 4141,5622 4372,5622 4602,5622 4832,5622 5063,5622 5293,5622 5524,5622"/>
                <TextEquiv>
                    <Unicode>und so wurden, und werden zum Teil heute noch, drei verschie¬</Unicode>
                </TextEquiv>
            </TextLine>
            <TextLine id="r2l24" custom="readingOrder {index:13;}">
                <Coords points="905,5922 5294,5899 5556,5696 905,5700"/>
                <Baseline points="932,5820 1161,5818 1391,5818 1621,5818 1851,5820 2081,5820 2310,5820 2540,5820 2770,5820 3000,5822 3230,5822 3459,5822 3689,5822 3919,5824 4149,5824 4379,5824 4608,5824 4838,5824 5068,5824 5298,5824 5528,5824"/>
                <TextEquiv>
                    <Unicode>dene Formen je nach den verschiedenen Gesichtspunkten als Nor¬</Unicode>
                </TextEquiv>
            </TextLine>
            <TextLine id="r2l25" custom="readingOrder {index:14;}">
                <Coords points="888,6044 5265,6120 5527,6097 5528,5887 888,5921"/>
                <Baseline points="916,6018 1145,6020 1374,6020 1603,6022 1832,6022 2062,6024 2291,6024 2520,6024 2749,6024 2978,6024 3208,6024 3437,6024 3666,6024 3895,6024 4124,6024 4354,6024 4583,6024 4812,6026 5041,6026 5270,6028 5500,6030"/>
                <TextEquiv>
                    <Unicode>malformen angenommen. Das war nun ein trauriger Notbehelf,</Unicode>
                </TextEquiv>
            </TextLine>
            <TextLine id="r2l26" custom="readingOrder {index:15;} concept_mus {offset:17; length:24;}">
                <Coords points="913,6247 5570,6270 5407,6054 913,6096"/>
                <Baseline points="942,6220 1172,6222 1402,6222 1632,6222 1862,6224 2092,6224 2322,6224 2552,6224 2782,6224 3012,6224 3242,6224 3472,6224 3702,6224 3932,6224 4162,6224 4392,6224 4622,6224 4852,6226 5082,6226 5312,6228 5542,6230"/>
                <TextEquiv>
                    <Unicode>welchem einzelne theoretische Kunstgriffe, wie namentlich die</Unicode>
                </TextEquiv>
            </TextLine>
            <TextLine id="r2l27" custom="readingOrder {index:16;} m_note {offset:14; length:9;} concept_phy {offset:39; length:14;}">
                <Coords points="908,6492 5559,6455 5437,6257 908,6259"/>
                <Baseline points="938,6420 1167,6422 1397,6424 1626,6424 1856,6426 2086,6426 2315,6426 2545,6426 2774,6426 3004,6426 3234,6426 3463,6426 3693,6426 3922,6426 4152,6426 4382,6426 4611,6426 4841,6426 5070,6428 5300,6428 5530,6430"/>
                <TextEquiv>
                    <Unicode>Fiktion eines Leittones in Gestalt des Subsemitoniums, sehr</Unicode>
                </TextEquiv>
            </TextLine>
            <TextLine id="r2l28" custom="readingOrder {index:17;}">
                <Coords points="876,6666 5568,6720 5568,6452 876,6514"/>
                <Baseline points="904,6626 1135,6626 1367,6626 1598,6626 1830,6626 2062,6628 2293,6628 2525,6628 2756,6628 2988,6628 3220,6628 3451,6628 3683,6628 3914,6628 4146,6628 4378,6628 4609,6628 4841,6628 5072,6628 5304,6628 5536,6628"/>
                <TextEquiv>
                    <Unicode>zweifelhafte Dienste leisten mussten. Wie ganz anders und viel</Unicode>
                </TextEquiv>
            </TextLine>
            <TextLine id="r2l29" custom="readingOrder {index:18;} m_tonality {offset:43; length:9;}">
                <Coords points="904,6886 5468,6897 5567,6716 904,6723"/>
                <Baseline points="932,6826 1162,6828 1392,6828 1622,6830 1853,6830 2083,6830 2313,6830 2544,6830 2774,6830 3004,6830 3235,6830 3465,6830 3695,6828 3925,6828 4156,6828 4386,6828 4616,6828 4847,6828 5077,6828 5307,6828 5538,6828"/>
                <TextEquiv>
                    <Unicode>einfacher gestaltet sich die spiegelblanke Durtonart! Wir wollen</Unicode>
                </TextEquiv>
            </TextLine>
            <TextLine id="r2l30" custom="readingOrder {index:19;} concept_mus {offset:19; length:11;}">
                <Coords points="886,7078 5561,7083 5404,6868 886,6869"/>
                <Baseline points="918,7028 1148,7030 1379,7030 1610,7032 1841,7032 2072,7032 2302,7032 2533,7032 2764,7032 2995,7032 3226,7032 3456,7032 3687,7030 3918,7030 4149,7030 4380,7030 4610,7030 4841,7030 5072,7030 5303,7030 5534,7032"/>
                <TextEquiv>
                    <Unicode>es deshalb neueren Harmonikern nicht verargen, dass sie aus Un¬</Unicode>
                </TextEquiv>
            </TextLine>
            <TextLine id="r2l31" custom="readingOrder {index:20;} m_tonality {offset:37; length:10;}">
                <Coords points="916,7260 5567,7274 5521,7076 916,7079"/>
                <Baseline points="944,7228 1173,7230 1403,7232 1632,7232 1862,7234 2092,7234 2321,7234 2551,7236 2780,7236 3010,7236 3240,7236 3469,7234 3699,7234 3928,7234 4158,7234 4388,7234 4617,7234 4847,7234 5076,7234 5306,7234 5536,7234"/>
                <TextEquiv>
                    <Unicode>behagen über die Schwierigkeiten der Molltonart sich mit fast</Unicode>
                </TextEquiv>
            </TextLine>
            <TextLine id="r2l32" custom="readingOrder {index:21;} concept_mus {offset:41; length:11;}">
                <Coords points="913,7458 5326,7508 5582,7456 5582,7264 913,7312"/>
                <Baseline points="940,7432 1170,7434 1401,7434 1632,7434 1862,7434 2093,7434 2324,7434 2554,7434 2785,7434 3016,7434 3247,7434 3477,7434 3708,7434 3939,7434 4169,7434 4400,7434 4631,7436 4861,7436 5092,7438 5323,7438 5554,7440"/>
                <TextEquiv>
                    <Unicode>unbewusster Vorliebe, besonders in ihren praktischen Nachweisen</Unicode>
                </TextEquiv>
            </TextLine>
            <TextLine id="r2l33" custom="readingOrder {index:22;} concept_mus {offset:0; length:20;}">
                <Coords points="895,7662 5354,7730 5581,7678 5582,7509 895,7504"/>
                <Baseline points="926,7632 1157,7632 1388,7632 1619,7634 1851,7634 2082,7634 2313,7634 2545,7634 2776,7634 3007,7634 3239,7634 3470,7634 3701,7636 3932,7636 4164,7636 4395,7636 4626,7636 4858,7636 5089,7636 5320,7636 5552,7636"/>
                <TextEquiv>
                    <Unicode>theoretischer Regeln, dem so leicht und gesetzmässig dahin¬</Unicode>
                </TextEquiv>
            </TextLine>
            <TextLine id="r2l34" custom="readingOrder {index:23;} m_tonality {offset:11; length:14;}">
                <Coords points="915,7871 5589,7874 5589,7734 5217,7687 915,7690"/>
                <Baseline points="942,7836 1172,7836 1403,7836 1634,7836 1865,7836 2096,7836 2327,7836 2558,7836 2789,7836 3020,7836 3251,7836 3481,7836 3712,7838 3943,7838 4174,7838 4405,7838 4636,7838 4867,7838 5098,7838 5329,7838 5560,7838"/>
                <TextEquiv>
                    <Unicode>fließenden Durgeschlechte zuwandten. Ja selbst den geheimen</Unicode>
                </TextEquiv>
            </TextLine>
            <TextLine id="r2l35" custom="readingOrder {index:24;}">
                <Coords points="923,8069 5586,8057 5423,7882 923,7883"/>
                <Baseline points="950,8034 1180,8036 1410,8036 1640,8036 1871,8036 2101,8038 2331,8038 2562,8038 2792,8038 3022,8038 3253,8038 3483,8038 3713,8038 3943,8038 4174,8038 4404,8040 4634,8040 4865,8040 5095,8040 5325,8040 5556,8040"/>
                <TextEquiv>
                    <Unicode>Wunsch dürfen wir manchem von ihnen verzeihen, es möge sich</Unicode>
                </TextEquiv>
            </TextLine>
            <TextLine id="r2l36" custom="readingOrder {index:25;} m_tonality {offset:26; length:14;}">
                <Coords points="894,8284 5120,8344 5609,8280 5609,8047 894,8098"/>
                <Baseline points="922,8242 1154,8244 1387,8244 1620,8246 1853,8246 2086,8248 2318,8248 2551,8248 2784,8248 3017,8248 3250,8248 3482,8248 3715,8248 3948,8248 4181,8248 4414,8248 4646,8248 4879,8246 5112,8246 5345,8246 5578,8244"/>
                <TextEquiv>
                    <Unicode>beweisen lassen, dass das Mollgeschlecht nur eine Bastardform</Unicode>
                </TextEquiv>
            </TextLine>
            <TextEquiv>
                <Unicode>Die fast ganz auf sich selbst angewiesene Harmonie- und&#13;
Kompositionslehre fand sich mittlerweile leidlich und zum Teil&#13;
sehr gut zurecht. Der Mangel eines rechten theoretischen Unter¬&#13;
grundes, namentlich für das Mollgeschlecht, machte sich indessen&#13;
doch fülbar, weniger in der Accordlehre, aber entschieden in der&#13;
Skalenlehre. Während über die „befriedigendste” Form der Dur¬&#13;
tonleiter von vornherein kein Zweifel sein konnte, zeigte sich das&#13;
Mollgeschlecht für die Skalenbildung außerordentlich schwierig.&#13;
Nur über die untere Hälfte der Skala, vom Grundtone zur Quint,&#13;
war man eines Sinnes; bei der übrig bleibenden Quart dagegen&#13;
begann man Unterscheidungen zu machen zwischen absteigender&#13;
und aufsteigender, zwischen melodischer und harmonischer Leiter,&#13;
und so wurden, und werden zum Teil heute noch, drei verschie¬&#13;
dene Formen je nach den verschiedenen Gesichtspunkten als Nor¬&#13;
malformen angenommen. Das war nun ein trauriger Notbehelf,&#13;
welchem einzelne theoretische Kunstgriffe, wie namentlich die&#13;
Fiktion eines Leittones in Gestalt des Subsemitoniums, sehr&#13;
zweifelhafte Dienste leisten mussten. Wie ganz anders und viel&#13;
einfacher gestaltet sich die spiegelblanke Durtonart! Wir wollen&#13;
es deshalb neueren Harmonikern nicht verargen, dass sie aus Un¬&#13;
behagen über die Schwierigkeiten der Molltonart sich mit fast&#13;
unbewusster Vorliebe, besonders in ihren praktischen Nachweisen&#13;
theoretischer Regeln, dem so leicht und gesetzmässig dahin¬&#13;
fließenden Durgeschlechte zuwandten. Ja selbst den geheimen&#13;
Wunsch dürfen wir manchem von ihnen verzeihen, es möge sich&#13;
beweisen lassen, dass das Mollgeschlecht nur eine Bastardform</Unicode>
            </TextEquiv>
        </TextRegion>
    </Page>
</PcGts>
