5958 9491
2619 660 2810 999 9
308 968 5107 1288 und Dur-Moll wenigstens hinzudeuten, das etwas mehr hervorzu¬
316 1230 5104 1495 bringen vermag, als blosse aus dem einen Tongeschlecht ins an¬
328 1424 5128 1668 dere hinübergreifende Kadenzen. Für unsern nächsten Zweck ist
323 1637 5087 1888 das Ergebnis unserer Kritik dieses, dass Hauptmann's scharf¬
314 1887 5119 2102 sinnige Erklärung des Wesens der Dreiklangsharmonie allerdings
323 2063 5129 2288 für die musikalische Theorie eine dualistische Grundlage geschaffen
326 2267 5113 2520 hat, dass aber diese in ihren Wirkungen vorläufig noch nicht bis
298 2479 4471 2687 zur genauen Fixirung der Mollskala durchgedrungen ist.
652 2704 5117 2937 Schlimmer aber, als die mangelhafte Durchfürung ist für
324 2866 5124 3093 Hauptmann's dualistische Grundlage der Umstand, dass sie
327 3072 5150 3331 auf einem spekulativen Satz ruht, dessen Berechtigung lediglich
344 3299 5090 3552 durch rein musikalisch-ästhetische Empirie nachzuweisen ist.
367 3514 5113 3764 Wenn die Natur selbst, die uns das Tonmaterial liefert, die psychi¬
319 3725 5148 3963 sche Reception auch nach der ästhetischen Seite hin nicht bis zu
336 3958 5148 4156 den Dreiklängen und über dieselben hinaus beeinflusste, so wäre
329 4139 5152 4397 die Festigkeit dieser Grundlage vielleicht one Hinzunahme der
340 4327 5139 4583 physikalischen Wissenschaft genügend nachzuweisen. Dem ist
331 4545 5113 4768 aber nicht so. Die Natur schafft nicht bloß Töne, Einzeltöne,
318 4749 5082 5010 die der Mensch sich in beliebiger Auswal zusammensetzen kann;
339 4947 5109 5193 sie schafft auch, und zwar vorwiegend, Zusammenklänge, Tonver¬
350 5158 5144 5346 bindungen, die als die Produkte von unumstößlichen Naturgesetzen
342 5346 5123 5629 one Zweifel die einzig richtigen Wegweiser in das Gebiet der
342 5650 5147 5823 musikalischen Theorie hinein sind. Durch das Zusammentreffen
359 5811 5146 6020 gewisser Bewegungsformen der Materie mit dem aufnehmenden
341 5973 5128 6223 und reagirenden Gehörsnerv entsteht in der Phantasie das Tonbild,
342 6174 5117 6418 dem gegenüber der Geist sich in ein doppeltes Verhältnis setzt.
351 6385 5156 6624 Mit dem beobachtenden Verstande werden die Klänge nach ihren
373 6591 5166 6817 drei Momenten, der Stärke, der Höhe, und der „Farbe”1) erforscht
363 6839 5144 7067 und gemessen, mit dem Begehrungsvermögen werden sie entweder
333 7017 5138 7255 als schön, begehrenswert, erfasst und geliebt, oder nicht er¬
350 7249 5161 7483 fasst und mit Missfallen abgestoßen. Die Verstandesoperationen
367 7441 5154 7691 verlaufen nur nach einer Richtung und sind ideell nur durch die
355 7630 5148 7839 Beschränktheit des Reaktionsvermögens des Gehörsnervs begrenzt.
347 7818 5134 8054 Das Wollen und Wünschen aber stellt eine Grenze auf zwischen
707 8057 5178 8308 1) Der Ausdruck „Farbe” ist eigentlich nicht so ganz entsprechend. Den optischen
364 8227 5175 8527 Farbenerscheinungen entspricht die Tonhöhe; die „Klangfarbe” scheidet die Töne nach
349 8387 1250 8584 ihrer Mischung.
