5958 9220
2679 583 2945 921 41
807 889 5123 1148 Indem wir sonach den Freiherrn von Thimus unbe¬
472 1179 5134 1404 denklich als letzten, nicht geringsten, den drei Forschern Haupt¬
456 1343 5129 1568 mann, Helmholtz und v. Oettingen anreihen, bemerken
497 1539 5129 1781 wir nur, dass ihm bei seinem zalenharmonikalen Standpunkte die
472 1756 5116 1956 Berücksichtigung Hauptmann's ferner gelegen hat, als die
460 1954 5104 2144 der physikalisch-physiologischen Helmholtz'schen Resultate.
460 2135 5081 2403 Das Buch v. Oettingen's hat v. Thimus gar nicht gekannt;
453 2347 5097 2658 zu seinem Dualismus ist er auf anderm Wege als jener, und un¬
446 2527 2420 2805 abhängig von ihm gelangt.
801 2654 5116 2983 An diesem Orte haben wir es indessen nur mit dem Wesen
453 2928 5126 3142 und der Entstehung der Dur- und Mollskala zu tun, wie es
474 3154 5123 3408 v. Thimus aus den einfachsten zalenharmonikalen Prinzipien
439 3339 5106 3587 entwickelt. One uns mit seiner Darstellung der verschiedenen
474 3536 5124 3760 Tonarten (Oktavengattungen) von vorneherein ganz einverstanden
435 3758 5102 3966 zu erklären, setzen wir daher einfach die beiden Zalenreihen, die
457 3963 5118 4176 arithmetisch-tonische und die harmonisch-phonische hieher, um zu
420 4154 5093 4402 zeigen, wie in ihnen die beiden Skalen gleichsam geboren wer¬
432 4483 5104 4795 den. Wir wälen hiebei die Tonika F{{{{ und die Phonika h}}}}}, weil
446 4768 5107 5086 aus ihnen die beiden nächstverwandten Skalen entspringen, welche
436 5038 5028 5257 man gewönlich „parallel” nennt, obgleich sie passender „antiphon”
467 5277 1633 5530 genannt würden.
436 5570 5085 5829 Zweifel davon überzeugen, einerseits, dass Hr. v. Thimus seinen Gedanken
441 5772 5079 5962 schon sechs Jare früher ausgesprochen hat, andererseits, dass das von ihm so ge¬
438 5920 5047 6116 nannte „heraklitische” Bewegungsprinzip („$$GRAPHIC — Alles ist Bewegung”)
458 6085 5107 6253 keineswegs ausschließliches geistiges Eigentum des dunkeln ephesinischen Philo¬
446 6234 5038 6379 sophen genannt werden darf. Von den in den heiligen Büchern der Chinesen,
450 6353 5093 6518 Inder, Perser, Hebräer vorfindlichen Apophthegmen und von den altägyptischen
434 6474 5078 6657 Hieroglyphen-Symbolen bis zu dem pythagorischen Zalengegensatze des $$GRAPHIC
430 6665 5068 6867 und $$GRAPHIC und den pythagorischen Kategorieen überhaupt, zu dem musi¬
451 6807 5077 6991 kalisch-kosmogenischen Systeme des platonischen Timaios und zu den Philoso¬
439 6928 5071 7141 phemen der keltischen und britischen Druiden herab beherrscht dieses Prinzip
433 7095 4927 7297 die ganze Anschauungsweise der zum Teil hochbegabten Denker der Vorzeit.
