5958 9225
758 3187 5024 3510 Soweit uns die musikalischen Erzeugnisse der verschieden¬
424 3482 5066 3712 sten Völker in den verschiedensten Zeitepochen bekannt sind, lässt
409 3644 5068 3844 sich aus ihnen ein Übergewicht des Durgeschlechts gegenüber
422 3845 5018 4116 dem Mollgeschlecht nicht nachweisen. Vielleicht ist mehr in Moll,
425 4038 5044 4302 als in Dur komponirt worden. Ein jeder, dessen musikalisch-
439 4245 5075 4493 historische Kenntnisse nicht erst bei Haydn anfangen, wird hier
435 4462 5066 4728 übereinstimmen. Was den ästhetischen Wert der beiden Ton¬
452 4724 5076 4927 geschlechter anlangt, bei welchem es sich zunächst nicht um
422 4890 5052 5107 auszudrückende Stimmungen oder Gefüle, sondern um Darstellungs¬
430 5057 5078 5289 fähigkeit bezüglich der Skalen und Accorde, der Melodie und
427 5265 5069 5461 Harmonie handelt, so zeigen sich beide one allen Zweifel als eben¬
421 5423 5076 5700 bürtige Töchter der Muse; dem Künstler sind sie gleich will¬
432 5687 5086 5943 kommene Interpreten seiner Empfindungen, dem Hörer gewären
404 5905 5080 6140 sie das gleiche Wolgefallen, die gleiche Befriedigung. Wenn
423 6067 5036 6313 Helmholtz (Lehre v. d. Tonempfindungen, 2. Aufl., S. 328)
424 6258 5066 6475 sagt, „die neueren Harmoniker sträuben sich meistenteils zuzu¬
451 6467 5093 6735 geben, dass der Mollaccord weniger konsonant sei als der Dur¬
440 6702 5076 6941 accord”, so können wir künlich hinzufügen, dass diese Harmoniker
438 6824 5074 7124 ihr Sträuben mit den praktischen Musikern und Komponisten ge¬
432 7067 5056 7317 mein haben, und dass sich selbiges nicht bloß auf den Mollaccord,
427 7292 5093 7518 sondern auf das ganze Mollgeschlecht erstrecke. Es mag man¬
427 7470 5092 7744 chem in Folge seiner individuellen Anlage oder Stimmung der
395 7653 5071 7952 starre Ernst des klassischen Moll oder die eigentümliche Senti¬
393 7903 5081 8108 mentalität des modernen Moll weniger zusagen, ja es mögen sogar
441 8075 5106 8344 ganze Völker in den aus ihrem innersten Schoße hervorgehenden
