5958 9345
2703 638 2935 980 39
485 969 5228 1289 unserer Weise zur Anwendung gebracht, welche in überraschender
484 1260 5226 1496 Vollständigkeit der Freiherr A. v. Thimus 1) aus dem Schutte
498 1463 5211 1705 der mittelalterlichen, altgriechischen und morgenländischen wissen¬
486 1669 5258 1910 schaftlichen Reliquien mit warem Bienenfleisse hervorgesucht
508 1885 5198 2121 und widerhergestellt, mit genialem Überblicke ergänzt und ge¬
502 2075 5216 2330 läutert, und mit Meisterhand niedergeschrieben hat. Obgleich das
524 2322 5226 2540 Werk dieses Forschers zur Zeit noch nicht genügend gewürdigt
476 2504 5201 2742 ist, auch teils wegen einzelner küner Behauptungen und neben¬
503 2688 5251 2940 sächlicher Schattenseiten angefochten wird, teils wegen seines
487 2916 5248 3166 reichen Inhalts und der großen Summe von Detailkenntnissen,
502 3094 5221 3341 die seine Lektüre voraussetzt, nur langsam durchdringen kann,
476 3274 5218 3546 so stehen wir doch keinen Augenblick an, unsere Überzeugung
503 3510 5263 3752 dahin auszusprechen, dass auf der einen Seite für die ganze alte
494 3700 5190 3919 Musikgeschichte mit dem Erscheinen der „harmonikalen Symbolik”
489 3911 5256 4124 eine neue Epoche angebrochen ist, in welcher nicht mehr rein
542 4118 5208 4395 philologische, sondern vorwiegend historisch-kritische For¬
513 4360 5209 4583 schung die schwere Arbeit wird übernehmen müssen, den gordi¬
516 4526 5253 4766 schen Knoten der griechischen Musik zu entwirren. Die Erfolge
547 4725 5266 4961 werden sich ungleich günstiger gestalten. Auf der andern Seite
514 4912 5269 5188 wird die Lehre von den Zalenverhältnissen wider den Mittelpunkt
516 5133 5271 5355 der harmonikalen Theorie einnehmen müssen, eine Stellung, die
509 5359 5234 5595 man ihr vor dritthalbhundert Jaren mit verhältnismässiger Be¬
506 5551 5231 5834 rechtigung zu rauben begonnen hat, da die verkümmerte Gestalt,
525 5750 5279 5997 unter welcher sie allein bekannt sein konnte, den Forderungen
519 5986 5244 6215 der musikalischen Praxis der neu angebrochenen Zeit noch we¬
517 6176 5230 6459 niger als denen der früheren entsprach. Die Tradition der Ok¬
527 6349 5246 6598 tavengattungen hat geradezu Jartausende lang die Theorie er¬
504 6568 5276 6798 setzen müssen, die in einer entschwundenen Kulturepoche in
546 6798 5277 7016 grauer Vorzeit ihre Entstehung fand, in ihrem eigentlichen
520 6973 5286 7308 dualistischen Grundzuge aber schon dem Aristoteles und
896 7391 5262 7626 1) „Die harmonikale Symbolik des Altertums, Erste Abteilung. Die eso¬
517 7586 5266 7787 terische Zalenlehre der Pythagoreer in ihrer Beziehung zu älteren griechischen
533 7726 5258 7869 und morgenländischen Quellen, insbesondere zur altsemitisch-hebräischen Ueber¬
539 7873 5259 8022 lieferung”. Köln, 1868. — Man vergleiche auch: „Die Grundzüge der esote¬
525 7998 5279 8170 rischen Harmonik des Altertums, im Anschlusse an die Schrift des Freiherrn
544 8158 5275 8402 A. v. Thimus über die harmonikale Symbolik des Altertums, dargestellt von
532 8254 3513 8531 Dr. Richard Hasenclever”. Köln, 1870.
