5958 9370
3081 569 3324 811 28
820 882 5599 1182 zalen 2, 3 und 5 und deren Potenzen und Produkte hinausgehn.
848 1150 5591 1392 Hier ist offenbar die Grenze der Fassbarkeit eines Intervalles ge¬
862 1324 5611 1602 geben, oder genauer ausgedrückt, hier ist die Grenze, über welche
872 1549 5597 1832 hinaus die Seele nicht mehr im Stande ist, tonische und phonische
907 1754 5609 1985 Verwandtschaft zu erkennen. Alle Schwingungsverhältnisse, in
847 1993 5561 2204 denen die Zal 7 enthalten ist, überschreiten schon diese Grenze,
850 2151 5616 2404 welche alle Zusammenklänge in fassbare, also tonisch und phonisch
868 2369 5599 2617 brauchbare, und in unfassbare, musikalisch unbrauchbare scheidet.
862 2557 5581 2794 Diese primäre Scheidung verweist eine ganze Reihe von Klang¬
869 2779 5583 3030 verbindungen, deren „gradus amoenitates”, wie Euler sagen
859 2972 5608 3189 würde, teilweise viel grösser ist, als der anderer, in der Musik
864 3183 5601 3413 viel gebrauchter Zusammenklänge, in das Gebiet der fremdartigen
840 3394 5588 3662 Klangaccidentien, die an musikalischem Werte mit formlosen Ge¬
834 3602 5600 3814 räuschen auf einer Stufe stehen. Helmholtz durfte dies von
848 3798 5603 4064 seinem Standpunkte aus allerdings bestreiten, denn es handelt sich
857 3974 5612 4246 hier um eine rein psychologische Erscheinung. Es ist nicht zu
863 4205 5564 4482 leugnen, dass beispielsweise die durch den 7. Partialton, die sog.
839 4424 5581 4666 natürliche Septime, gebildeten Intervalle, nach den elementaren
839 4619 5588 4837 Klangerscheinungen betrachtet, sich von den benachbarten Konso¬
833 4860 5600 5085 nanzen kaum zu ihren Ungunsten unterscheiden, dagegen auch
849 5044 5580 5270 die mildesten Dissonanzen mit Bezug auf natürlichen Wolklang
884 5217 5626 5458 weit hinter sich zurücklassen. Auch ist der 7. Partialton ein in
861 5453 5616 5712 unsern gebräuchlichsten Klangfarben häufig vorkommender, meist
874 5635 5617 5865 stark durchdringender Ton, der keineswegs (z. B. beim Pianoforte
838 5836 5598 6079 durch die richtige Wal der Anschlagstelle des Hammers) künst¬
839 6071 5588 6308 lich ausgemerzt zu werden pflegt, wie dies, ich meine von Zam¬
822 6278 5588 6508 miner, behauptet wurde. Wir stehen also hier vor der Frage,
839 6455 5570 6691 ob wir berechtigt sind, der seelischen Fähigkeit, Tonverwandt¬
841 6655 5619 6886 schaften zu erkennen, d. h. als Quelle natürlicher Schönheit zu
853 6867 5619 7139 erfassen, die angegebene Grenze zu vindiciren. Geschichte und
823 7090 5578 7338 musikalische Erfarung könnten uns mit den geringsten gegentei¬
869 7283 5612 7484 ligen Resultaten sofort aus dem Felde schlagen. In der Tat sind
837 7538 5609 7768 die verschiedenen Färbungen ($$GRAPHIC) der drei Klanggeschlechter
873 7704 5604 7920 bei Ptolemäus und anderen griechischen Theoretikern mit den
850 7899 5593 8109 Zalen 7, 11, 23 reich geschmückt. Jedoch in musikalischen Dingen
838 8089 5611 8405 trauen wir dem berühmten Astronomen nicht recht. One an dieser
