5958 9225
3018 677 3261 978 46
837 1030 5471 1292 hypolydische von den Zalen 24 und 48 eingeschlossene Skala
825 1243 5470 1439 mit Leichtigkeit nicht nur in eine authentisch-lydische, sondern
837 1476 5476 1660 auch in eine ionische und hypoionische umwandeln, sowie die als
867 1690 5478 1910 phrygisch betrachtete Mollskala in eine hypophrygische, hypoäolische
827 1874 4754 2123 und äolische. Folgendes Schema wird dieses erklären.
1173 7026 5491 7298 Es lässt sich nicht leugnen, dass durch diese Tetrachordein¬
856 7304 5484 7499 teilung der Charakter der angegebenen acht Oktavengattungen
858 7489 5503 7684 im wesentlichen aufgedeckt wird. Die beiden Geschlechter haben
843 7683 5494 7887 ihre besondere Tetrachordform; die Oktave wird arithmetisch
877 7839 5460 8124 (plagalisch) und harmonisch (authentisch) geteilt; die Anfangs¬
885 8075 5489 8314 und Endpunkte der Tetrachorde bilden die chordae stabiles; die
