5958 9291
2658 683 2908 1024 37
472 1183 5152 1564 wie folgt: h—a = $$MATH; a—g = $$MATH; c—H = $$MATH. Diese
474 1454 5127 1751 letztgenannten Tonschritte gehören tonisch genommen den Syste¬
455 1699 2851 1935 men A{{ und bezw. F{{ und C{{ an.
799 1891 5155 2227 Zu bemerken bleibt noch zweierlei. Erstens wird die
460 2198 5167 2471 ursprüngliche Tonika durch die verjüngende Kraft der Zweizal
503 2387 5150 2604 (2 = 2!), welche jede eigentliche Alterirung des Klangwesens
460 2593 5083 2842 bei den Oktavtönen ausschliefst, in der melodischen Ausgestaltung,
479 2816 5168 3047 das heißt also in der Kunst überhaupt, überflüssig gemacht. Sie
466 3018 5168 3251 findet in jeder Oktave ihre Vertreter. Und nicht bloß für die
485 3224 5144 3451 eigentliche Tonika gilt dies, sondern für jeden Teil des Gesammt¬
485 3388 5151 3631 klanges. Eigentlich neue Elemente mit bloß melodischer Ver¬
487 3604 5153 3829 wandtschaft sind bloß die höheren Potenzen der Drei- und Fünf¬
465 3828 5167 4065 zal und diejenigen Produkte derselben, in welchen die Zweizal
452 4036 4281 4267 nicht vorkommt, also zunächst die Klänge 9 und 15.
820 4164 5176 4468 Daher kann die Urtonika unbedenklich in eine Tiefe gelegt
482 4372 5166 4641 werden, welche ihren Klang zu einem rein idealen, dem Gebiete
485 4610 5150 4846 des Hörbaren entrückten macht. Die höheren Potenzen der Zwei¬
466 4787 5168 5092 zal geben genügende tonikale Ruhepunkte, und die Produkte der
459 5046 5179 5285 Zalen 3 oder 5 mit der Zweizal oder deren höheren Potenzen
486 5218 5187 5489 bilden die symphonischen Knotenpunkte der Skala, die Potenzen
495 5446 5179 5634 der Zalen 3 und 5 und ihre Produkte werden zu rein melodischen
489 5621 5160 5901 Zwischenstufen, welche nur durch das höhere, komplicirtere Ge¬
487 5838 5183 6095 setz der Modulation sich zu dem temporären Range von Knoten¬
494 6019 5196 6273 und Ruhepunkten emporschwingen können. Diesem entsprechend
487 6259 5189 6470 kann und muss auch im Interesse der Melodiebildung die Phonika
478 6443 5198 6636 zu einer idealen werden, indem sie in eine Höhe hinaufsteigt, wo
490 6630 5156 6878 entweder das Reich der Klänge schon aufhört, oder wo sie wenig¬
501 6838 5191 7078 stens nicht mehr wirken kann. Ihre Unteroktaven müssen sie
505 7078 5183 7306 vollinhaltlich ersetzen. Zweitens sind, wie wir schon kurz
493 7260 5165 7460 andeuteten, in der von uns angegebenen Rangordnung der Skalen¬
507 7467 5191 7679 klänge die Gesetze der melodischen Fort- und Rückschreitung
507 7684 5202 7921 grundgelegt. Der Melodieschritt c—d (= 8:9) ist im tonischen
521 7872 5180 8164 C{{-Geschlecht Fortschreitung in doppelter Hinsicht, einmal als auf¬
513 8142 5208 8451 steigender d. h. von der Tonika nach arithmetischem
