<?xml version="1.0" encoding="UTF-8" standalone="yes"?>
<PcGts xmlns="http://schema.primaresearch.org/PAGE/gts/pagecontent/2013-07-15" xmlns:xsi="http://www.w3.org/2001/XMLSchema-instance" xsi:schemaLocation="http://schema.primaresearch.org/PAGE/gts/pagecontent/2013-07-15 http://schema.primaresearch.org/PAGE/gts/pagecontent/2013-07-15/pagecontent.xsd">
    <Metadata>
        <Creator>prov=University of Rostock/Institute of Mathematics/CITlab|PLANET AI GmbH/Gundram Leifert/gundram.leifert@planet-ai.de:name=ONB_Newseye_GT_M1+(htr_id=10810)::::v=2.6.7
prov=University of Rostock/Institute of Mathematics/CITlab|PLANET AI GmbH/Tobias Gruening/tobias.gruening@planet-ai.de:name=de.uros.citlab.module.baseline2polygon.B2PSeamMultiOriented:v=2.6.7
prov=University of Rostock/Institute of Mathematics/CITlab|PLANET AI GmbH/Tobias Gruening/tobias.gruening@planet-ai.de:name=/net_tf/LA73_249_0mod360.pb:de.uros.citlab.segmentation.CITlab_LA_ML:v=2.6.7
Transkribus</Creator>
        <Created>2021-07-02T17:08:33.806+02:00</Created>
        <LastChange>2021-07-07T20:20:04.381+02:00</LastChange>
        <TranskribusMetadata docId="721401" pageId="27762228" pageNr="60" tsid="61162441" status="NEW" userId="65770" imgUrl="https://files.transkribus.eu/Get?id=PAPXVCLSCNIHMXLCLWCFEZAB&amp;fileType=view" xmlUrl="https://files.transkribus.eu/Get?id=MVZDSDVTACICJLOKTYFAUMRZ" imageId="21570551"/>
    </Metadata>
    <Page imageFilename="Thürlings_1877-0060.jpg" imageWidth="5958" imageHeight="9258" type="content">
        <ReadingOrder>
            <OrderedGroup id="ro_1626453902710" caption="Regions reading order">
                <RegionRefIndexed index="0" regionRef="TextRegion_1625590886222_4288"/>
                <RegionRefIndexed index="1" regionRef="TextRegion_1625590886222_4287"/>
                <RegionRefIndexed index="3" regionRef="TextRegion_1625590882656_4279"/>
                <RegionRefIndexed index="4" regionRef="TextRegion_1625590879358_4275"/>
                <RegionRefIndexed index="5" regionRef="TextRegion_1625590875316_4271"/>
                <RegionRefIndexed index="6" regionRef="TextRegion_1625590871155_4267"/>
            </OrderedGroup>
        </ReadingOrder>
        <TextRegion orientation="0.0" type="page-number" id="TextRegion_1625590886222_4288" custom="readingOrder {index:0;} structure {type:page-number;}">
            <Coords points="554,733 5210,733 5210,968 554,968"/>
            <TextLine id="r2l1" custom="readingOrder {index:0;}">
                <Coords points="2750,940 2780,941 2805,919 2828,932 2891,876 2992,882 3009,591 2979,589 2942,617 2866,582 2829,598 2770,595"/>
                <Baseline points="2786,812 2811,814 2837,818 2863,820 2888,822 2914,824 2940,822 2966,820"/>
                <TextEquiv>
                    <Unicode>49</Unicode>
                </TextEquiv>
            </TextLine>
            <TextEquiv>
                <Unicode>49</Unicode>
            </TextEquiv>
        </TextRegion>
        <TextRegion orientation="0.0" type="paragraph" id="TextRegion_1625590886222_4287" custom="readingOrder {index:1;} structure {type:paragraph;}">
            <Coords points="554,968 5210,968 5210,1647 554,1647"/>
            <TextLine id="r2l2" custom="readingOrder {index:0;}">
                <Coords points="613,1245 5217,1223 5217,1003 4854,955 613,995"/>
                <Baseline points="642,1178 869,1174 1096,1170 1324,1168 1551,1166 1779,1164 2006,1164 2233,1162 2461,1162 2688,1162 2916,1162 3143,1162 3370,1164 3598,1164 3825,1166 4053,1167 4280,1168 4507,1170 4735,1172 4962,1174 5190,1176"/>
                <TextEquiv>
                    <Unicode>Stufe des zweiten Tetrachords der beiden Naturskalen liegt nämlich</Unicode>
                </TextEquiv>
            </TextLine>
            <TextLine id="r2l3" custom="readingOrder {index:1;}">
                <Coords points="565,1472 5199,1480 5199,1284 4830,1212 565,1263"/>
                <Baseline points="594,1376 822,1374 1051,1372 1280,1370 1509,1368 1738,1368 1966,1366 2195,1366 2424,1366 2653,1366 2882,1366 3110,1366 3339,1367 3568,1368 3797,1368 4026,1370 4254,1370 4483,1372 4712,1374 4941,1376 5170,1378"/>
                <TextEquiv>
                    <Unicode>der ersten Stufe um ein Komma näher, als dies im ersten Tetra¬</Unicode>
                </TextEquiv>
            </TextLine>
            <TextLine id="r2l4" custom="readingOrder {index:2;}">
                <Coords points="575,1665 754,1723 962,1645 1302,1720 1367,1672 1957,1699 2034,1681 2033,1425 1931,1383 1765,1456 1628,1385 1283,1476 1193,1417 1086,1495 722,1402 574,1486"/>
                <Baseline points="602,1572 672,1574 742,1576 812,1576 882,1578 952,1578 1022,1578 1092,1577 1162,1576 1232,1576 1302,1576 1372,1574 1442,1574 1512,1572 1582,1572 1652,1572 1722,1570 1792,1570 1862,1570 1932,1570 2002,1572"/>
                <TextEquiv>
                    <Unicode>chorde der Fall ist:</Unicode>
                </TextEquiv>
            </TextLine>
            <TextEquiv>
                <Unicode>Stufe des zweiten Tetrachords der beiden Naturskalen liegt nämlich
der ersten Stufe um ein Komma näher, als dies im ersten Tetra¬
chorde der Fall ist:</Unicode>
            </TextEquiv>
        </TextRegion>
        <GraphicRegion id="Graphic_1625590920800_4297" custom="readingOrder {index:2;} structure {type:floating;}">
            <Coords points="554,1647 5210,1647 5210,3005 554,3005"/>
        </GraphicRegion>
        <TextRegion orientation="0.0" type="paragraph" id="TextRegion_1625590882656_4279" custom="readingOrder {index:3;} structure {type:paragraph;}">
            <Coords points="554,3005 5210,3005 5210,4324 554,4324"/>
            <TextLine id="r2l31" custom="readingOrder {index:0;}">
                <Coords points="894,3303 2651,3190 5224,3318 5172,2913 895,2940"/>
                <Baseline points="926,3178 1139,3176 1352,3174 1566,3174 1779,3174 1993,3174 2206,3174 2419,3176 2633,3177 2846,3178 3060,3180 3273,3182 3486,3184 3700,3185 3913,3186 4127,3186 4340,3188 4553,3186 4767,3186 4980,3184 5194,3182"/>
                <TextEquiv>
                    <Unicode>Erst eine Oktave höher, bezw. tiefer, reihen sich den Stufen</Unicode>
                </TextEquiv>
            </TextLine>
            <TextLine id="line_1625590959763_4335" custom="readingOrder {index:1;} textStyle {offset:0; length:1;italic:true; fontSize:0.0; kerning:0;} textStyle {offset:12; length:1;italic:true; fontSize:0.0; kerning:0;}">
                <Coords points="558,3527 1720,3512 2089,3733 2447,3507 4990,3572 5240,3531 5241,3311 559,3313"/>
                <Baseline points="588,3502 657,3500 727,3498 796,3496 866,3496 935,3496 1005,3496 1074,3496 1144,3496 1213,3498 1283,3498 1352,3498 1422,3498 1491,3498 1561,3497 1630,3496 1700,3493 1769,3490 1839,3485 1908,3481 1978,3474 2100,3600 2148,3600 2160,3448 2192,3442 2224,3442 2318,3496 2462,3496 2607,3494 2751,3496 2896,3496 3040,3496 3185,3496 3329,3498 3474,3498 3618,3498 3763,3500 3907,3500 4052,3502 4196,3504 4341,3504 4485,3506 4630,3506 4774,3508 4919,3508 5063,3508 5208,3510"/>
                <TextEquiv>
                    <Unicode>a} = 80 und G = $$MATH als sekundäre Nebenformen im Bereich</Unicode>
                </TextEquiv>
            </TextLine>
            <TextLine id="r2l36" custom="readingOrder {index:2;}">
                <Coords points="567,4057 5178,3967 5220,3734 568,3705"/>
                <Baseline points="596,3930 825,3930 1055,3932 1284,3932 1514,3932 1744,3932 1973,3932 2203,3932 2432,3930 2662,3930 2892,3930 3121,3928 3351,3928 3580,3928 3810,3930 4040,3930 4269,3932 4499,3934 4728,3936 4958,3940 5188,3944"/>
                <TextEquiv>
                    <Unicode>des Enharmonischen die Stufen $$GRAPHIC = 81 und $$GRAPHIC = $$MATH an, welche</Unicode>
                </TextEquiv>
            </TextLine>
            <TextLine id="r2l38" custom="readingOrder {index:3;}">
                <Coords points="525,4367 746,4255 4832,4324 4832,4157 4541,4085 526,4040"/>
                <Baseline points="554,4248 766,4246 979,4246 1191,4244 1404,4244 1616,4244 1829,4244 2041,4244 2254,4244 2466,4244 2679,4244 2891,4246 3104,4246 3316,4248 3529,4248 3741,4250 3954,4252 4166,4252 4379,4254 4591,4254 4804,4256"/>
                <TextEquiv>
                    <Unicode>aber die natürliche diatonische Skala nicht alteriren dürfen.</Unicode>
                </TextEquiv>
            </TextLine>
            <TextEquiv>
                <Unicode>Erst eine Oktave höher, bezw. tiefer, reihen sich den Stufen&#13;
a} = 80 und G = $$MATH als sekundäre Nebenformen im Bereich&#13;
des Enharmonischen die Stufen $$GRAPHIC = 81 und $$GRAPHIC = $$MATH an, welche&#13;
aber die natürliche diatonische Skala nicht alteriren dürfen.</Unicode>
            </TextEquiv>
        </TextRegion>
        <TextRegion orientation="0.0" type="paragraph" id="TextRegion_1625590879358_4275" custom="readingOrder {index:4;} structure {type:paragraph;}">
            <Coords points="554,4324 5210,4324 5210,5396 554,5396"/>
            <TextLine id="r2l39" custom="readingOrder {index:0;}">
                <Coords points="917,4507 4979,4577 5205,4518 5206,4292 918,4322"/>
                <Baseline points="946,4506 1157,4506 1368,4506 1580,4506 1791,4506 2003,4508 2214,4508 2425,4508 2637,4508 2848,4510 3060,4510 3271,4510 3482,4512 3694,4512 3905,4514 4117,4516 4328,4516 4539,4518 4751,4520 4962,4522 5174,4524"/>
                <TextEquiv>
                    <Unicode>Wir müssen diese vielmehr als ebenso unmittelbar und not¬</Unicode>
                </TextEquiv>
            </TextLine>
            <TextLine id="r2l40" custom="readingOrder {index:1;}">
                <Coords points="583,4754 5014,4814 5211,4761 5211,4582 583,4599"/>
                <Baseline points="610,4714 838,4714 1067,4712 1295,4712 1524,4710 1753,4710 1981,4710 2210,4710 2438,4710 2667,4710 2896,4710 3124,4710 3353,4710 3581,4712 3810,4712 4039,4714 4267,4714 4496,4716 4724,4718 4953,4720 5182,4722"/>
                <TextEquiv>
                    <Unicode>wendig aus den natürlichen Klangverhältnissen hervorgegangen</Unicode>
                </TextEquiv>
            </TextLine>
            <TextLine id="r2l41" custom="readingOrder {index:2;}">
                <Coords points="565,4933 5241,4975 5241,4802 4890,4754 566,4772"/>
                <Baseline points="592,4910 822,4910 1053,4910 1284,4910 1515,4910 1746,4910 1977,4910 2208,4910 2439,4910 2670,4910 2901,4910 3131,4910 3362,4912 3593,4912 3824,4914 4055,4914 4286,4916 4517,4918 4748,4920 4979,4922 5210,4924"/>
                <TextEquiv>
                    <Unicode>betrachten, wie die Tetrachorde. Gerade die Ungleichartigkeit</Unicode>
                </TextEquiv>
            </TextLine>
            <TextLine id="r2l42" custom="readingOrder {index:3;}">
                <Coords points="562,5202 5220,5234 5220,4977 563,4987"/>
                <Baseline points="594,5110 823,5108 1053,5108 1283,5108 1512,5108 1742,5108 1972,5108 2201,5108 2431,5108 2661,5108 2891,5110 3120,5110 3350,5112 3580,5112 3809,5114 4039,5116 4269,5116 4498,5118 4728,5120 4958,5120 5188,5122"/>
                <TextEquiv>
                    <Unicode>der beiden zu einer Oktave verbundenen Tetrachorde bezeichnet</Unicode>
                </TextEquiv>
            </TextLine>
            <TextLine id="r2l43" custom="readingOrder {index:4;}">
                <Coords points="557,5427 1016,5338 3232,5378 3232,5229 2988,5157 558,5159"/>
                <Baseline points="586,5310 716,5308 847,5308 978,5308 1109,5308 1240,5308 1371,5310 1502,5310 1633,5310 1764,5310 1895,5310 2025,5310 2156,5310 2287,5312 2418,5312 2549,5312 2680,5312 2811,5312 2942,5312 3073,5310 3204,5310"/>
                <TextEquiv>
                    <Unicode>das innerste Wesen der Naturskalen.</Unicode>
                </TextEquiv>
            </TextLine>
            <TextEquiv>
                <Unicode>Wir müssen diese vielmehr als ebenso unmittelbar und not¬&#13;
wendig aus den natürlichen Klangverhältnissen hervorgegangen&#13;
betrachten, wie die Tetrachorde. Gerade die Ungleichartigkeit&#13;
der beiden zu einer Oktave verbundenen Tetrachorde bezeichnet&#13;
das innerste Wesen der Naturskalen.</Unicode>
            </TextEquiv>
        </TextRegion>
        <TextRegion orientation="0.0" type="paragraph" id="TextRegion_1625590875316_4271" custom="readingOrder {index:5;} structure {type:paragraph;}">
            <Coords points="554,5396 5210,5396 5210,7443 554,7443"/>
            <TextLine id="r2l44" custom="readingOrder {index:0;}">
                <Coords points="871,5606 4903,5632 5201,5603 5202,5448 871,5380"/>
                <Baseline points="902,5560 1115,5560 1329,5562 1542,5562 1756,5562 1970,5562 2183,5562 2397,5562 2610,5562 2824,5562 3038,5562 3251,5562 3465,5562 3678,5562 3892,5564 4106,5564 4319,5566 4533,5566 4746,5568 4960,5570 5174,5572"/>
                <TextEquiv>
                    <Unicode>Diese letzteren sind also auch — es geht dies aus allen</Unicode>
                </TextEquiv>
            </TextLine>
            <TextLine id="r2l45" custom="readingOrder {index:1;}">
                <Coords points="581,5796 5173,5786 5096,5601 581,5540"/>
                <Baseline points="610,5762 836,5762 1063,5762 1290,5762 1517,5762 1744,5762 1970,5762 2197,5762 2424,5762 2651,5762 2878,5762 3104,5762 3331,5762 3558,5762 3785,5762 4012,5764 4238,5765 4465,5766 4692,5768 4919,5770 5146,5774"/>
                <TextEquiv>
                    <Unicode>unsern Ausfürungen deutlich hervor — die einzigen eingeschlecht¬</Unicode>
                </TextEquiv>
            </TextLine>
            <TextLine id="r2l46" custom="readingOrder {index:2;}">
                <Coords points="558,6005 5222,6010 5222,5784 559,5838"/>
                <Baseline points="588,5966 818,5966 1048,5966 1278,5966 1509,5966 1739,5966 1969,5966 2200,5966 2430,5964 2660,5964 2891,5964 3121,5964 3351,5964 3581,5965 3812,5966 4042,5966 4272,5968 4503,5970 4733,5970 4963,5974 5194,5976"/>
                <TextEquiv>
                    <Unicode>lichen Formen, welche eine Oktave ganz mit den Rationen des</Unicode>
                </TextEquiv>
            </TextLine>
            <TextLine id="r2l47" custom="readingOrder {index:3;}">
                <Coords points="598,6226 4887,6272 5214,6255 5215,6100 599,6053"/>
                <Baseline points="630,6158 857,6162 1085,6164 1313,6166 1540,6168 1768,6168 1996,6168 2223,6168 2451,6168 2679,6168 2907,6168 3134,6168 3362,6168 3590,6168 3817,6168 4045,6168 4273,6170 4500,6172 4728,6174 4956,6176 5184,6180"/>
                <TextEquiv>
                    <Unicode>großen und kleinen Tonus und des diatonischen Limma ausfüllen.</Unicode>
                </TextEquiv>
            </TextLine>
            <TextLine id="r2l48" custom="readingOrder {index:4;}">
                <Coords points="551,6404 5209,6428 5209,6255 4482,6177 551,6219"/>
                <Baseline points="580,6366 809,6366 1039,6368 1269,6368 1499,6368 1729,6368 1958,6368 2188,6368 2418,6368 2648,6368 2878,6368 3107,6368 3337,6368 3567,6368 3797,6369 4027,6370 4256,6370 4486,6372 4716,6373 4946,6374 5176,6376"/>
                <TextEquiv>
                    <Unicode>Sie allein sind aus dem reinen arithmetischen, bezw. harmonischen</Unicode>
                </TextEquiv>
            </TextLine>
            <TextLine id="r2l49" custom="readingOrder {index:5;}">
                <Coords points="548,6577 5140,6675 5200,6436 548,6404"/>
                <Baseline points="578,6564 807,6564 1037,6566 1267,6568 1496,6568 1726,6568 1956,6570 2185,6570 2415,6570 2645,6570 2875,6570 3104,6570 3334,6570 3564,6570 3793,6570 4023,6572 4253,6572 4482,6572 4712,6574 4942,6574 5172,6576"/>
                <TextEquiv>
                    <Unicode>Zalenverhältnis herausgeboren, und obgleich die gewönliche Auf¬</Unicode>
                </TextEquiv>
            </TextLine>
            <TextLine id="r2l50" custom="readingOrder {index:6;}">
                <Coords points="545,6803 5215,6807 4775,6592 546,6601"/>
                <Baseline points="578,6760 808,6764 1038,6766 1269,6766 1499,6768 1730,6768 1960,6768 2190,6770 2421,6770 2651,6768 2882,6768 3112,6768 3342,6768 3573,6768 3803,6769 4034,6770 4264,6770 4494,6772 4725,6774 4955,6776 5186,6780"/>
                <TextEquiv>
                    <Unicode>fassung dieselben als ein übermäßiges Dur und ein übermässiges</Unicode>
                </TextEquiv>
            </TextLine>
            <TextLine id="r2l51" custom="readingOrder {index:7;}">
                <Coords points="553,6988 5223,7002 4920,6811 2495,6920 2317,6794 554,6797"/>
                <Baseline points="584,6962 814,6964 1044,6966 1275,6968 1505,6970 1736,6970 1966,6972 2196,6972 2427,6972 2657,6972 2888,6972 3118,6972 3348,6972 3579,6972 3809,6972 4040,6972 4270,6972 4500,6972 4731,6974 4961,6974 5192,6976"/>
                <TextEquiv>
                    <Unicode>Moll kennzeichnen würde, so sind sie in der Tat die einzigen</Unicode>
                </TextEquiv>
            </TextLine>
            <TextLine id="r2l52" custom="readingOrder {index:8;}">
                <Coords points="568,7209 5208,7247 5030,7026 569,7006"/>
                <Baseline points="596,7162 825,7165 1054,7166 1283,7168 1512,7170 1741,7170 1970,7171 2199,7172 2428,7172 2657,7172 2887,7172 3116,7172 3345,7172 3574,7174 3803,7174 4032,7174 4261,7176 4490,7176 4719,7178 4948,7180 5178,7182"/>
                <TextEquiv>
                    <Unicode>Skalen, welche in demselben Sinne Dur und Moll sind, wie die</Unicode>
                </TextEquiv>
            </TextLine>
            <TextLine id="r2l53" custom="readingOrder {index:9;} textStyle {offset:11; length:1;italic:true; fontSize:0.0; kerning:0;} textStyle {offset:13; length:1;italic:true; fontSize:0.0; kerning:0;} textStyle {offset:15; length:1;italic:true; fontSize:0.0; kerning:0;} textStyle {offset:21; length:1;italic:true; fontSize:0.0; kerning:0;} textStyle {offset:23; length:1;italic:true; fontSize:0.0; kerning:0;} textStyle {offset:25; length:1;italic:true; fontSize:0.0; kerning:0;}">
                <Coords points="533,7438 1260,7408 1611,7488 2105,7420 2337,7487 2617,7448 2619,7263 534,7217"/>
                <Baseline points="566,7362 667,7364 768,7364 869,7366 970,7366 1071,7368 1172,7368 1273,7370 1374,7370 1475,7370 1577,7372 1678,7372 1779,7374 1880,7374 1981,7374 2082,7376 2183,7376 2284,7376 2385,7376 2486,7378 2588,7378"/>
                <TextEquiv>
                    <Unicode>Dreiklänge c e g und h g e.</Unicode>
                </TextEquiv>
            </TextLine>
            <TextEquiv>
                <Unicode>Diese letzteren sind also auch — es geht dies aus allen&#13;
unsern Ausfürungen deutlich hervor — die einzigen eingeschlecht¬&#13;
lichen Formen, welche eine Oktave ganz mit den Rationen des&#13;
großen und kleinen Tonus und des diatonischen Limma ausfüllen.&#13;
Sie allein sind aus dem reinen arithmetischen, bezw. harmonischen&#13;
Zalenverhältnis herausgeboren, und obgleich die gewönliche Auf¬&#13;
fassung dieselben als ein übermäßiges Dur und ein übermässiges&#13;
Moll kennzeichnen würde, so sind sie in der Tat die einzigen&#13;
Skalen, welche in demselben Sinne Dur und Moll sind, wie die&#13;
Dreiklänge c e g und h g e.</Unicode>
            </TextEquiv>
        </TextRegion>
        <TextRegion orientation="0.0" id="TextRegion_1625590871155_4267" custom="readingOrder {index:6;} structure {type:paragraph-continued;}">
            <Coords points="554,7443 5210,7443 5210,8273 554,8273"/>
            <TextLine id="r2l54" custom="readingOrder {index:0;}">
                <Coords points="887,7657 4549,7714 5211,7687 5212,7484 888,7431"/>
                <Baseline points="914,7610 1127,7612 1340,7614 1554,7616 1767,7618 1981,7620 2194,7622 2407,7622 2621,7624 2834,7624 3048,7624 3261,7626 3474,7626 3688,7626 3901,7626 4115,7626 4328,7628 4541,7628 4755,7628 4968,7629 5182,7630"/>
                <TextEquiv>
                    <Unicode>Unsere Aufgabe ist erfüllt. Dur und Moll haben sich uns</Unicode>
                </TextEquiv>
            </TextLine>
            <TextLine id="r2l55" custom="readingOrder {index:1;}">
                <Coords points="538,7829 5190,7867 5191,7676 4732,7644 539,7638"/>
                <Baseline points="566,7806 795,7810 1025,7812 1255,7814 1485,7816 1715,7818 1944,7820 2174,7821 2404,7822 2634,7824 2864,7824 3093,7824 3323,7826 3553,7826 3783,7826 4013,7826 4242,7828 4472,7828 4702,7828 4932,7828 5162,7828"/>
                <TextEquiv>
                    <Unicode>in ihrer waren Natur gezeigt. Aber statt, dass uns das Durch¬</Unicode>
                </TextEquiv>
            </TextLine>
            <TextLine id="r2l56" custom="readingOrder {index:2;}">
                <Coords points="532,8038 5046,8096 5208,7888 532,7871"/>
                <Baseline points="562,8006 792,8008 1023,8010 1254,8012 1485,8014 1716,8016 1947,8018 2178,8018 2409,8020 2640,8022 2871,8022 3101,8024 3332,8024 3563,8026 3794,8026 4025,8026 4256,8028 4487,8028 4718,8028 4949,8030 5180,8030"/>
                <TextEquiv>
                    <Unicode>forschen ihres Wesens mitten in den Bereich der musikalischen</Unicode>
                </TextEquiv>
            </TextLine>
            <TextLine id="r2l57" custom="readingOrder {index:3;}">
                <Coords points="530,8323 5194,8250 5093,8077 531,8097"/>
                <Baseline points="562,8212 792,8216 1022,8218 1252,8220 1482,8222 1713,8222 1943,8224 2173,8224 2403,8226 2633,8226 2864,8226 3094,8228 3324,8228 3554,8228 3784,8228 4015,8230 4245,8230 4475,8230 4705,8232 4935,8232 5166,8234"/>
                <TextEquiv>
                    <Unicode>Praxis, der Tonarten und der harmonikalen Gestaltungen gefürt</Unicode>
                </TextEquiv>
            </TextLine>
            <TextEquiv>
                <Unicode>Unsere Aufgabe ist erfüllt. Dur und Moll haben sich uns
in ihrer waren Natur gezeigt. Aber statt, dass uns das Durch¬
forschen ihres Wesens mitten in den Bereich der musikalischen
Praxis, der Tonarten und der harmonikalen Gestaltungen gefürt</Unicode>
            </TextEquiv>
        </TextRegion>
    </Page>
</PcGts>
