5958 9312
2688 526 2995 879 21
500 899 5195 1232 $$GRAPHIC, ich singe), „weil alle den Ton gleichsam singen, d. h.
504 1218 5211 1447 wirklich angeben”. Das Intervall c g z. B. hat zum tonischen
517 1389 5153 1641 Grundton C; es ist ein Bestandteil des C-Klanges. Sein phoni¬
484 1607 5167 1876 scher Oberton aber ist g}, weil dies der tiefste coïncidirende Ober¬
484 1873 5174 2132 ton der beiden Klänge ist. Für den Dreiklang c es g ist g}} pho¬
485 2029 5174 2288 nischer Oberton. Er ist das den drei getrennten Klängen gemein¬
479 2245 5204 2470 same Element, schafft also für dieselben, falls man jeden von
472 2465 5197 2761 ihnen als selbständigen Klang auffasst, eine neue Verwandtschaft,
467 2641 5203 2858 die zwar nicht, wie bei der Tonicität dahin fürt, dass die drei
489 2846 5190 3097 Klänge zu einem werden, dieselben aber doch durch einen in
462 3028 5193 3251 ihrem Wesen begründeten Einheitspunkt zu einem konsonanten
487 3330 5171 3562 und selbständigen Prinzipe zusammenfasst. Der phonische Ober¬
471 3411 5202 3714 ton ist sonach für das Mollgeschlecht, was der tonische Grundton
455 3651 5186 3886 für das Durgeschlecht. Hiermit ist denn der Hauptmann'sche
466 3911 5161 4164 Dualismus nicht bloß hergestellt, sondern auch physiologisch be¬
456 4053 5162 4353 gründet (vgl. S. 40). Mit der Eindeutigkeit irgend eines Inter¬
468 4314 5146 4526 valles oder Accordes ist es aber nun zu Ende. Jede Klangver¬
473 4468 5203 4706 bindung kann — theoretisch genommen — tonisch und phonisch
438 4680 5180 4889 aufgefasst werden. Sagten wir oben, dass der Molldreiklang c} es} g}
459 4905 5178 5118 neben seiner jetzt nachgewiesenen phonischen Deutung, tonisch
458 5117 5182 5387 als abhängiger, im Sinne der Auflösungsbedürftigkeit dissonanter
454 5297 5196 5624 Accord im As{-Systeme zu betrachten sei, so müssen wir nun selbst
442 5596 5196 5826 dem hellen, reinen Durdreiklange C E G eine dissonantische
463 5764 5176 6091 Stellung im phonischen (mollgeschlechtlichen) h{{-Klange vindiciren.
457 6087 5188 6324 Zeigte sich uns der Klang c f g c} tonisch als Bestandteil oder
438 6254 5181 6475 besser gesagt als besondere Färbung des Klanges F{{, so wird
429 6595 5166 6825 er durch den gemeinsamen tiefsten Oberton g}}} dem phonischen
451 6821 4612 7100 Systeme (Zusammenklange) gleichen Namens einverleibt.
786 7039 5182 7292 Auf dieser „dualen” Grundlage baut nun von Oettingen
456 7240 5152 7478 im Hauptmann'schen Sinne weiter, und zwar insofern konse¬
489 7452 5184 7704 quenter, als dieser, als er einerseits die phonischen Dreiklänge
465 7670 5173 7918 nach ihrem Einheitsmomente, der Quint, benennt, andrerseits die
495 7860 5150 8138 phonische Normalskala aus drei phonischen Dreiklängen zusammen¬
448 8148 5155 8377 setzt. In Folge der Neuheit der Auffassung und der Bezeich¬
