5958 9270
2624 649 2896 969 27
438 933 5126 1252 Dur und Moll aufmerksam gemacht, wie sie sich in nuce schon
443 1250 5119 1466 in den beiden ursprünglichen antiphonen Sechsklängen offenbart.
433 1438 5097 1635 Der Dur-Sechsklang ist ein Einheitsklang; eine einzige Schall¬
451 1600 5093 1878 quelle kann ihn vollständig hervorbringen. Der Moll-Sechsklang
435 1814 5123 2041 dagegen ist und bleibt Zusammenklang, wenn auch symphonischer
451 2014 5121 2235 Natur. Wir müssen letzteren also künstlich hervorrufen oder
451 2229 5116 2424 vielmehr auffinden. Wärend wir sonach beim vollen Durklange
420 2420 5085 2682 gleichsam im Mittelpunkte der ruhenden Naturschönheit verweilen,
453 2639 5106 2854 bezeichnet dagegen der volle Mollklang den zweiten gegenbild¬
452 2828 5116 3048 lichen Brennpunkt der Klangschönheit, der als solcher der freien
441 3054 5076 3260 Anwendung natürlich gegebener Bewegungsgesetze seine Entste¬
428 3208 5127 3440 hung verdankt. Die Entwickelung, die Bewegung, die Melodie
435 3432 5082 3670 hat im Mollklange ihren Hauptsitz; der vollendende Abschluss,
435 3631 5123 3884 die Ruhe, die Harmonie findet ihren Mittelpunkt im Durklange.
453 3848 5112 4065 Der melodische Charakter des Mollgeschlechts und der harmonische
426 4033 5091 4236 des Durgeschlechts werden sich auch in den Skalen offenbaren
439 4231 5097 4469 müssen. Die Erklärung, die wir den Skalen zu geben gedenken,
438 4431 3177 4662 wird diesem Principe gerecht werden.
753 4613 5063 4874 Da wir den Weg durch die Dreiklänge zur Skalenbildung
437 4859 5124 5081 nicht als den richtigen anerkennen konnten, so dürfen wir nicht
422 5037 5110 5282 zugestehen, dass in dieser Sache v. Oettingen das letzte Wort
434 5229 5117 5492 gesprochen habe. Das Festhalten an dem von uns oben ange¬
428 5484 5104 5688 nommenen, wenn auch noch immer nicht genau bestimmten quali¬
430 5657 5106 5889 tativen Unterschiede zwischen Konsonanz und Dissonanz wird
425 5853 5102 6108 uns weiter füren. Nach Helmholtz’ und v. Oettingen’s
430 6053 5083 6309 konsequent durchgefürten Grundsätzen sollte es freilich einen sol¬
434 6238 5070 6467 chen gar nicht geben; aber letzterer, der in der tieferen psy¬
438 6443 5079 6687 chologischen Bedeutung der physiologischen Klangerschei¬
439 6680 5104 6889 nungen deren Hauptwert für die Theorie der Musik erkennt, hätte
433 6846 5116 7099 doch ein bedeutsames psychologisches Moment nicht übersehen
427 7048 5097 7285 oder nicht unberücksichtigt lassen sollen, zumal, da es sich ge¬
437 7250 5107 7499 radezu mit Gewalt zwischen die physiologischen Ergebnisse und
450 7462 5098 7694 die musikalischen Verwandtschaftsverhältnisse drängt. Wir meinen
456 7651 5092 7876 die Tatsache, dass sowol Tonicität als Phonicität eines Intervalles
456 7865 5103 8103 ihre psychologisch-ästhetische Bedeutung gänzlich einbüssen, sobald
450 8055 5092 8344 Schwingungsverhältnisse in Frage kommen, die über die Prim¬
