5958 9300
3119 659 3379 912 26
899 979 5587 1286 d. i. der phonische Oberton g}, ist dreifach vorhanden, zudem völlig
934 1258 5563 1476 ungestört durch benachbarte Klänge. Der erste phonische Unter¬
926 1424 5608 1645 ton g ist ebenfalls durch seinen doppelten Ursprung verstärkt.
934 1623 5610 1875 Der dritte, c, ist nur einfach vorhanden. Die Antiphonie dem
912 1867 5618 2073 Durdreiklange gegenüber erstreckt sich also sogar bis zu der
935 2038 5600 2285 Stärke der entsprechenden Klangglieder, worauf wir noch beson¬
932 2229 5620 2451 ders aufmerksam machen, weil v. Oettingen diese Antiphonie
914 2467 5625 2726 nicht genügend hervorgehoben, vielleicht auch nicht genügend
944 2698 5603 2893 erkannt hat. Nicht auf die Obertöne der Phonika kommt es an,
951 2842 5609 3061 wie v. O. auf S. 32 geltend machen will, sondern auf deren
966 3047 5643 3300 Untertöne. Die Phonika wächst nach unten, die Tonika nach
933 3319 5591 3512 aben. Auch die Phonika hat ihre Tonfülle, die aus dem Vor¬
931 3462 5620 3719 herrschen der sechs ersten Bestandteile des Systems resultirt.
934 3660 5611 3942 Der volle C-Dur-Klang lautet: C c g c} e} g}, und hat die Schwin¬
951 3912 5639 4171 gungsverhältnisse 1:2:3:4:5:6; der volle c-moll-Klang, oder
955 4120 5626 4467 besser ausgedrückt, der phonische Zusammenklang g}} lautet:
902 4477 5506 4821 g}} g} c} g es c und hat die Schwingungszalen (g}} = 1) $$MATH
941 4930 1706 5288 $$MATH.
1283 5215 5652 5478 Das Grundmaß der durgeschlechtlichen Verwandtschaft ist
940 5475 5616 5723 also das arithmetische Zalenverhältnis, welches einer Zalen¬
937 5667 5648 5920 reihe zu Grunde liegt, die von der Einheit zur Vielheit aufsteigt,
962 5849 5655 6067 und deren Glieder bei gleichen Nennern äquidifferente Zäler haben.
958 6060 5634 6307 Das Grundmaß der mollgeschlechtlichen Verwandtschaft ist da¬
965 6277 5653 6519 gegen ein Zalenverhältnis, welches wir nach dem Vorgange der
949 6482 5619 6712 Alten das harmonische nennen. Die aus demselben hervor¬
957 6675 5604 6920 gehende Progression steigt aus der Einheit zu deren Teilen hinab,
954 6894 5629 7117 und ihre Glieder sind Zalen mit gleichen Zälern und äquidiffe¬
930 7087 2146 7362 renten Nennern.
1269 7224 5656 7524 Ehe wir zur Besprechung der über die sechs ersten Glieder
921 7525 5662 7727 der soeben gekennzeichneten doppelten Progression hinausgehenden
944 7698 5637 7957 Zalenrationen übergehen, welche uns zur Erklärung nicht sym¬
964 7951 5640 8134 phonischer Intervalle und zur Begründung der Skalenbildung füren
963 8072 5656 8354 sollen, sei nur mit einem Worte auf die Wertverschiedenheit von
