5958 9220
2660 558 2853 884 33
466 1009 5081 1241 phonischen Sechsklang wegen seines streng antiphonen Charakters
427 1227 5054 1430 gegenüber dem durgeschlechtlichen Vollklange einen „vollen Gegen¬
410 1368 5077 1599 klang” und reden bei ihm nicht von „Teilen”, weil er kein ein¬
420 1572 5082 1825 heitlicher Klang, sondern nur ein symphonisches System ist; seine
408 1765 4890 2063 sechs Einzelelemente nennen wir „Glieder”. Wir sagen also:
724 2006 5084 2241 2) Unter direkter oder symphonischer Pho¬
407 2193 5086 2434 nicität zweier oder mehrerer Klänge versteht
420 2445 5075 2656 man ihre Eigenschaft, als Glieder desselben
440 2612 5108 2859 vollen Gegenklanges aufgefasst werden zu
438 2843 1204 3116 können.
757 3021 5077 3334 Das mehrgenannte Zalengesetz, dem diese Auffassungsfähig¬
441 3256 5103 3491 keit gehorcht, bedarf noch einer näheren Bestimmung dahin, dass
418 3519 5097 3722 erstens auch innerhalb des Senariums die kleinere Zal vor der
437 3716 5091 3915 grösseren den Vorzug vollkommenerer Verwandtschafts- oder Iden¬
439 3879 5094 4142 titätsbegründung hat, und dass zweitens bei der Zweizal stets
423 4075 5091 4342 die höhere Potenz Vertreterin der niedern werden, oder harmonikal
412 4258 5115 4569 ausgedrückt, dass der Tonika ($$MATH) immer eine höhere, der
433 4488 5112 4938 Phonika ($$MATH) immer eine tiefere Oktave substituirt werden
427 4868 854 5162 kann.
791 5059 5105 5378 Dieser letztere Satz ist die Grundbedingung der Melodie.
432 5299 5111 5534 Es werde deshalb dem Zweifler nochmals die Analogie des Rhyth¬
414 5504 5099 5726 mus vor Augen gehalten. Zweizal und Dreizal sind beide eurhyth¬
423 5680 5073 5949 misch; aber erstere hat unbestreitbare Vorzüge. Bei der Takt¬
407 5960 5108 6193 einteilung tritt dies vielleicht nicht so hervor, als beim Satz¬
427 6125 5118 6466 baue, weil hier alles durch die merkbare Takteinheit umschlossen
456 6405 5128 6683 wird. Doch ist ein ($$MATH)-Takt one Zweifel weniger flielsend, als
424 6635 5119 7039 ein zweiteiliger, vierteiliger oder auch einfach dreiteiliger Takt.
459 7043 5139 7400 Wollte man aber jedes Achtel des ($$MATH)-Taktes noch in Triolen ein¬
444 7294 5118 7675 teilen, so würde dadurch eine Schwerfälligkeit eintreten, die in
427 7618 5112 7875 einzelnen Fällen durch den besonderen Charakter eines Musik¬
429 7802 5102 8051 stückes gerechtfertigt sein kann, einer allgemeinen Anwendung
471 8030 5138 8321 dieser rhythmischen Bewegung aber gebieterisch hindernd in den
