5958 9316
3102 655 3334 928 30
850 978 5574 1233 nämlich das zeitliche Zusammentreffen eines Teiles der Schwin¬
878 1215 5579 1491 gungen (Luftstöße) bei jeder Klangmischung, und zwar eines um
843 1435 5567 1666 so grösseren Teiles, je kleiner die Zalen sind, welche das Schwin¬
882 1639 5553 1854 gungsverhältnis ausdrücken, mit anderen Worten, je konsonanter
865 1841 5572 2062 das Intervall ist. Nun ist zuzugeben, dass wir die Stöße als
856 2068 5569 2267 solche nicht empfinden, sondern nur ihre Produkte, die Klänge,
854 2246 5572 2462 also auch nicht das Zusammentreffen der Stöße, aber vielleicht
862 2469 5568 2685 das Produkt desselben, den Wolklang in seinen verschiedenen
864 2657 5541 2878 Abstufungen und Graden. Es gibt nun ein der Musik sehr ana¬
875 2837 5570 3118 loges Gebiet, in welchem die Bewegungsverhältnisse ebenfalls
883 3062 5542 3289 Erzeuger eines Wolgefüls sind, und zwar mit einer scharf abge¬
869 3246 5581 3464 steckten Grenze, die nur um einen Grad enger gezogen ist, als
868 3444 5557 3649 bei der Harmonie. Das ist der Rhythmus. Gehen wir von der
880 3636 5563 3867 Schnelligkeit der tongebenden Vibrationen abwärts zu langsamerer
889 3879 5572 4095 Bewegung, so stoßen wir auch hier auf das Gesetz, dass die
876 4042 5570 4270 Periodicität der Bewegung als rhythmisches Wolgefül empfunden
885 4253 5579 4505 wird. Periodicität entsteht aber nur durch Gegenüberstellung von
895 4453 5567 4718 Einheit und Mehrheit. Der Takt ist die Einheit, welche ihre
886 4702 5563 4911 verwandten Antithesen teils durch Multiplikation mit den Ratio¬
866 4832 5555 5063 nen der Zwei- und Dreizal (nach Analogie der Tonika), teils durch
873 5065 5544 5314 Division mit denselben Rationen (nach Analogie der Phonika)
889 5254 5566 5459 findet. Musikalisch genommen entspricht diese Scheidung der
905 5471 5559 5710 Satzbildung einerseits und der Takteinteilung andererseits. Doch
868 5671 5574 5893 ist der Rhythmus nicht bloß musikalisch. Er beruht auf der
893 5896 5559 6131 Erregung der sensitiven Nerven, welche bei intermittirenden Klang-
935 6066 5571 6306 (und Licht-) Erscheinungen konkurrirt, aber auch one diese be¬
883 6270 5555 6497 stehen kann. Sieht man nun von dem Unterschiede ab, dass im
905 6493 5571 6725 Gegensatze zur Harmonie beim Rhythmus schon die Primzal 5
903 6677 5581 6964 unverwendbar ist — was manche übrigens mit Unrecht nicht
885 6866 5574 7152 einmal zugeben wollen —, so beruht die Einwirkung, welche die
889 7109 5572 7345 langsamen periodischen Bewegungen des Rhythmus auf unsere
909 7301 5552 7506 Seele üben, und diejenige der schnelleren periodischen Bewegun¬
904 7514 5581 7754 gen, welche nur in ihrem Produkte, den Klängen, zum Bewusst¬
889 7685 5572 7967 sein kommen, auf demselben psychologisch-ästhetischen Gesetze.
908 7903 5592 8147 Wie in der Musik die schärfste Dissonanz verwendet werden
902 8092 5591 8391 kann, sofern sie durch direkt konsonante Bindeglieder mit der
