5958 9295
2708 663 2954 916 31
484 950 5205 1259 tonikalen oder phonikalen Einheit in Verbindung tritt, so kann
495 1243 5158 1471 man rhythmisch unbedenklich jeden Takt in 6, 8, 9, 12, 16, 18,
498 1464 5208 1676 24, 27, 32 Teile praktisch zergliedern, weil gleichsam über diesen
526 1651 5195 1849 Einteilungen die höheren auf die Zalen 2 und 3 zurückfürbaren
520 1803 5166 2051 Gliederungen schweben, als Vermittlungen mit dem ganzen Takte,
503 2012 5201 2245 der obersten Einheit, — mit andern Worten: weil die genannten
523 2249 5204 2462 Zalen nur Potenzen und Produkte von 2 und 3 sind. Ebenso
515 2418 5166 2687 bauen sich Sätze und Perioden nach analogen Zalenverhältnissen,
533 2688 5213 2875 wenn auch mit einer noch zu erwänenden Einschränkung, auf der
538 2842 5212 3048 Takteinheit auf. Der Streit über die Verwendbarkeit pentadischer
549 3029 5212 3285 Verhältnisse im Rhythmus berürt uns hier nicht. Das Sichere
545 3238 5209 3467 genügt vollständig. Die Zalen 7, 11, 13 u. s. w. als Grundmaß
507 3431 5211 3623 des Taktes oder der Periode aufstellen zu wollen, wäre ein Un¬
508 3681 5217 3862 ding, und selbst unter dem Titel $$GRAPHIC, welchen Aristo¬
512 3835 5234 4032 xenos und nach ihm andere gewissen schwer qualificirbaren
546 4029 5232 4262 Taktarten geben, wird niemand sie in die rhythmische Theorie
528 4263 5221 4514 aufnehmen wollen. Das würde, wie jede Taktlosigkeit, lauter
538 4435 5201 4674 Gefülsdissonanzen hervorrufen, die im Rhythmus ebenso unbrauch¬
530 4651 3357 4837 bar sind, wie in der Musik der Ton i.
901 4828 5233 5085 Wenn nun die Bewegungsperioden, welche wir durch das
526 5075 5230 5303 Medium der sensitiven Nerven als Rhythmus empfinden, immer
532 5256 5242 5478 kürzer werden, so werden sie zuletzt für das Gefül zu einem
520 5454 5201 5676 kontinuirlichen Strome, und es beginnen die sensuellen Nerven,
533 5705 5243 5915 zunächst der Gehörsnerv, die Bewegungen zu empfinden, und die
523 5878 5233 6106 seelische Anschauung stützt sich nunmehr auf die Gehörsempfin¬
531 6055 5241 6308 dung, wie vorhin auf die Gefülsnervenerregung; die Seele erfasst
563 6265 5232 6498 jetzt die Verhältnisse der Klänge zu einander, welche Produkte
523 6441 5227 6680 der Bewegung sind, wie vorhin die in der Bewegung selbst lie¬
545 6674 5244 6929 genden Verhältnisse; sie vergleicht, und reducirt unbewusst die
546 6872 5262 7076 verschiedenen Klänge, soweit sie dazu im Stande ist, auf die
549 7075 5242 7325 Einheit der Tonika und Phonika, wie vorhin die Teilungs- und
582 7302 5263 7519 Vervielfältigungsperioden auf die Einheit des Taktes. Und siehe
541 7459 5252 7692 da, sie findet auch die analoge Grenze ihrer Fähigkeit, die Ver¬
552 7675 5268 7917 wandtschaft der Töne mit einem Stammklange, der höheren Zal
549 7892 5212 8097 mit der Einheit zu erfassen. Wenn es nun ein von jeder Ge¬
547 8024 5264 8398 schmacksrichtung unabhängiges, allgemeines psychologisches Ge¬
