5958 9400
2533 696 2770 955 25
338 1050 5059 1251 niker und auch der eigentliche Tonkünstler mitsorgen. Zum an¬
345 1242 5078 1492 dern Teil wirkt aber auch die Natur selbst schon dahin, dass die
370 1474 5026 1704 gleichen Erscheinungen, welche störend in den Klangzusammen¬
340 1678 5032 1884 hang eingreifen, auf der anderen Seite die Konsonanzwirkung
364 1890 5038 2109 wesentlich fördern. So ungünstig beim Durdreiklange die Ober¬
352 2050 5044 2301 töne sind, wie oben schon angedeutet, so günstig sind die Kom¬
341 2291 5033 2525 binationstöne, welche den Klang um so mehr verbessern und ver¬
344 2511 5041 2741 schönern, je kräftiger sie sind. Umgekehrt sind beim Molldrei¬
342 2682 5057 2947 klang die Kombinationstöne ungünstig; die Obertöne aber unter¬
340 2938 5050 3121 stützen und vervollständigen aufs beste die phonische Konsonanz.
330 3118 5075 3381 Bei dem Dreiklang c} e} g} sind die unteren Kombinationstöne: C, c
346 3366 5062 3544 und g. Der erste von ihnen, welcher Grundton des Klanges ist,
315 3517 5072 3759 entsteht in doppelter Stärke aus c} e} und aus e} g}; der zweite
300 3687 5062 3999 entsteht einfach aus c} g}; der dritte ist nur zweiter Ordnung. Die
317 3912 5080 4142 so geregelte Klangfarbe ist aber stark und voll genug, um die
341 4142 5086 4378 Schärfen und Störungen der Obertöne zu überwinden. Der Moll¬
327 4334 5079 4628 dreiklang C Es G gestaltet sich dagegen mit seinen wichtigsten
336 4521 2337 4835 Obertönen folgendermaßen:
309 6132 5060 6362 Hier finden sich zwar bedeutende durch die Schwebungen nah
289 6342 5052 6644 aneinanderliegender Obertöne hervorgerufene Schärfen. Schon
297 6577 5065 6792 zwischen den Tönen b c} d} sind dieselben vorhanden. Besonders
285 6731 5048 6990 aber müssen sie hervortreten bei den Tönen d} es} e} und b} b} h}.
330 6938 5081 7185 Was aber wird die Wirkung dieser Schärfen sein? Alle Töne
277 7162 5034 7370 oberhalb g} und zwischen g} und g werden dadurch zu einem un¬
309 7350 5084 7594 klaren Geschwirre, in welchem nur derjenige die einzelnen Töne
294 7578 5046 7806 unterscheiden wird, der physiologisch mit Aufmerksamkeit unter¬
287 7794 5044 8007 sucht. Wer nur den ästhetischen Eindruck auf sich wirken lässt,
294 7968 5075 8203 dem können die positiven und starken phonischen Hauptelemente
276 8184 5046 8402 des Klanges durch jene nicht verwischt werden. Die Phonika,
