5958 9370
3136 626 3432 938 20
913 921 5662 1293 hätte hoffen lassen. Beiden großen Männern an Scharfsinn und
952 1189 5600 1419 Gelehrsamkeit kaum untergeordnet, von der prinzipiellen Richtig¬
928 1412 5659 1619 keit der beiderseitigen Forschungen tief durchdrungen, gelangte
931 1647 5633 1873 Arthur v. Oettingen 1), selbständig weiter bauend, zu einem
930 1816 5631 2006 doppelten Resultate. Einmal findet er das positive Moment der
936 1997 5609 2266 Tonverwandtschaft mit Recht in der Zugehörigkeit jedes soge¬
896 2228 5639 2482 nannten Zusammenklanges zu einem bestimmten Stammklange.
915 2420 5599 2621 Zweitens sucht er, in der Erkenntnis, dass diese Art von Ver¬
914 2649 5603 2850 wandtschaft, soweit sie bis dahin geltend gemacht worden war,
921 2824 5646 3089 nur dem Durgeschlechte eine berechtigte Existenz verleihe, als
932 3022 5604 3279 Dualist im Hauptmann'schen Sinne nach einem zweiten posi¬
932 3211 5633 3473 tiven Verwandtschaftsprinzip, wodurch sich auch das Mollgeschlecht
887 3388 5647 3667 als vollberechtigt nachweisen lasse. Er sucht und findet es. Ist
903 3678 5611 3903 die Konsonanz einmal ein positiver und zwar psychologischer Be¬
919 3861 5592 4102 griff, der mit dem Vorhandensein oder Nichtvorhandensein „stö¬
890 4027 5609 4311 render” Elemente nicht in grundsätzlichem Zusammenhange steht,
903 4249 5611 4497 so kann durch die Aufstellung, dass in den Grundklang des Moll¬
893 4453 5595 4689 dreiklanges ein fremdes Element hineingemischt sei, der Konso¬
888 4663 5637 4870 nanzcharakter desselben nicht nachgewiesen werden. Es muss
911 4894 5613 5118 vielmehr gezeigt werden, warum — one Rücksicht auf die „Stö¬
886 5065 5623 5327 rungen”, welche Schwebungen und Kombinationstöne hervorrufen
982 5282 5624 5501 — gerade dieser eine, bestimmte Ton, z. B. es in c es g, unter
876 5494 5578 5671 all den fremden, die man einmischen könnte, der einzig passende,
907 5673 5620 5883 vollkommen konsonirende ist, welcher den Accord zu einem
902 5878 5622 6084 selbständigen, nicht auflösungsbedürftigen macht. Wie nun unter
898 6073 5623 6315 Durverwandtschaft eines Intervalles oder Accordes (von v. Oet¬
903 6315 5646 6551 tingen Tonicität genannt) die Eigenschaft desselben zu
912 6477 5619 6672 verstehen ist, als Klangbestandteil eines Grund¬
904 6691 5606 6950 tones aufgefasst werden zu können (S. 31), so ver¬
887 6945 5624 7167 steht v. O. unter Mollverwandtschaft (Phonicität) die Eigen¬
884 7122 5639 7335 schaft eines Intervalles oder Accordes, stets irgendwelche
872 7318 5627 7558 allen Tönen gemeinsame Partialtöne zu be¬
874 7510 5611 7705 sitzen (S. 32). Den tiefsten der allen gemeinsam zukommen¬
870 7705 5642 7890 den Partialtöne nennt er im Gegensatz zum tonischen Grund¬
861 7906 5633 8171 ton den coïncidirenden oder phonischen Oberton (von
1214 8066 5061 8464 1) Harmoniesystem in dualer Entwickelung. Dorpat und Leipzig, 1866,
