5958 9537
3202 645 3474 949 14
923 954 5750 1310 ter F{-Klang? Partialtöne höherer Ordnung sind hier künstlich
940 1237 5753 1478 verstärkt, nämlich der 6., 8., 9. und 12., während der Grundton
938 1451 5716 1699 wie der 2.—4. Partialton nur als Differenztöne erster Ordnung
933 1653 5717 1906 zwar deutlich, aber den ersteren gegenüber nicht mit der erforder¬
941 1876 5749 2128 lichen Stärke ertönen. Die Schärfe wird noch durch die deut¬
931 2056 5751 2316 lichen Schwebungen der nahe an einander liegenden Töne f} g} und
919 2282 5744 2497 und ihrer Obertöne erheblich vermehrt.1) Zu den dissonanten
940 2478 5724 2744 Accorden in diesem Sinne, d. h. zu den künstlich verschärften
933 2700 5717 2958 Durklängen gehört unter vielen andern auch der Molldreiklang.
932 2909 5735 3171 Der Zusammenklang c} es} g} z. B. ist der Klang As{{. Der 10.
944 3110 5728 3468 12. und 15. Partialton sind künstlich hervorgehoben. In der
957 3401 5705 3670 Tiefe weisen die deutlichen Kombinationstöne As{, Es c (2, 3, 5)
904 3652 5730 3936 auf den durgeschlechtlichen Zeugerton As{{ unwiderstehlich hin.
932 3834 5752 4144 Die Klangfarbe wird durch sie der vollkommeneren Schönheit des
932 4095 5709 4347 vollen Tones näher gebracht. Gestört wird der Zusammenklang
916 4322 5754 4563 durch diese Kombinationstöne keineswegs; im Gegenteil wird die
919 4489 5745 4740 störende Schärfe dieser von den Elementen der vollen Klangfarbe
927 4734 5752 4976 schon sehr weit entfernten Klangform durch sie gemildert. Die
901 4935 5727 5197 Schärfe oder Störung selbst liegt in der hohen Ordnung der ver¬
918 5088 5714 5341 stärkten Partialtöne. Setzen wir as} statt g}, so ist die Fülle so¬
905 5317 5712 5621 fort bedeutend größer. Wir haben jetzt nicht mehr den Klang
915 5545 5728 5826 As{{, sondern den Klang As{, und c} es} as} bilden nunmehr den 5.
889 5773 2477 6036 6. und 8. Partialton.
1268 5973 5700 6241 Die an vorstehenden Beispielen illustrirte Regel findet in der
918 6219 5684 6459 Theorie eigentlich gar keine Einschränkung, weil jedes Intervall,
931 6452 5721 6678 jeder Accord, sich durch Ganzzalen ausdrücken lässt, deren Diffe¬
914 6654 5680 6898 renzen solchen Kombinationstönen entsprechen, welche den dur¬
906 6823 5708 7097 geschlechtlich-einheitlichen Charakter des Klanges mehr oder
918 7072 5726 7281 weniger hervorheben. Von der ästhetischen Erkennbarkeit des
921 7247 5698 7534 tonikalen Wesens eines Zusammenklanges wird aber one Zweifel
902 7482 5716 7726 seine praktische Anwendbarkeit abhängen. Doch hier
907 7665 5703 7904 treten wir aus dem natürlichen Gebiete heraus, innerhalb dessen
910 7871 5693 8104 es sich nur um Fülle und Schärfe, also um die allgemeinsten
1272 8265 5715 8495 1) Ein ferneres, auf melodischer Behandlung von f} und g} als selbständigen Klän¬
889 8397 4979 8570 gen beruhendes Moment muss an dieser Stelle außer Berechnung bleiben.
