5958 9483
2693 665 2950 946 11
390 977 5201 1268 seinen Ursachen und Wirkungen, mit seinen verwandtschaftlichen
407 1285 5212 1512 und gegensätzlichen Beziehungen klargestellt hat, erst dann darf
403 1442 5220 1717 die musikalisch-künstlerische Erfarung an die Aufstellung der
415 1693 5208 1926 Grenze des Schönen gehen, erst dann kann sie auf ihrem Gebiete
395 1860 5206 2076 mit Sicherheit die musikalische Theorie zur Vollendung bringen.
754 2082 5182 2352 Doch um gegen die älteren Harmoniker gerecht zu sein,
389 2374 5200 2567 dürfen wir die Bemerkung nicht unterdrücken, dass die hier aus¬
409 2538 5179 2796 gesprochene Warheit erst ganz erkannt wurde, als einer der größ¬
422 2706 5215 2974 ten physikalischen Forscher unserer Zeit die Arbeit schon getan
404 2958 5114 3203 hatte, die seinem Gebiete oblag. Durch Hermann Helmholtz 1)
405 3165 5222 3410 haben wir erst vollkommenen Einblick in die grossen Geheimnisse
402 3361 5190 3590 der natürlichen Tonwelt bekommen und damit erkannt, wie man¬
397 3590 5232 3821 ches in der Natur schon vorgebildet ist, was als Kunstgesetz der
404 3759 5209 4003 musikalisch-ästhetische Sinn seit Jartausenden unverrückt festge¬
409 3983 5178 4228 halten hat. Die bis ins Kleinste durchgefürten Auseinander¬
395 4177 5200 4410 setzungen dieses Gelehrten über Obertöne und Kombinationstöne
405 4375 5234 4643 sind in seltenem Masse populär geworden, und gerade diese sind
392 4634 5221 4847 für unseren Zweck von Wichtigkeit, weil von dem abwechselnden
390 4792 5213 5038 Auftreten dieser Erscheinungen die Klangfarbe abhängt, in deren
418 5015 5181 5254 Bereiche die ästhetische Auffassungskraft des Geistes ihre wich¬
420 5253 5189 5444 tigsten Scheidungen macht. Sieht man von den sogenannten Ge¬
396 5402 5219 5689 räuschen ab, welche übrigens nicht absolut unmessbar, sondern
388 5614 5217 5871 nur unfassbar sind, so muss auf dem Gebiete des Naturschönen
402 5823 5213 6056 der „volle” Ton als das vollkommenste, schönste Gebild gelten.
403 6037 5208 6270 Ihm gegenüber stehen die zwei Extreme des „dumpfen” und des
416 6287 5198 6516 „scharfen” Tones. Helmholtz weist nun unwiderleglich nach,
402 6511 5189 6679 dass der volle Ton sich durch das deutliche Vorherrschen der un¬
425 6673 5212 6888 teren Partialtöne, etwa vom ersten bis zum sechsten auszeichne.
402 6858 5189 7084 Bei dem scharfen Tone herrschen die höheren (von H. unhar¬
406 7057 5217 7318 monisch genannten) Obertöne zu sehr vor; der dumpfe Ton ent¬
421 7293 5208 7520 behrt der Obertöne ganz oder fast ganz. Der schönste na¬
397 7466 5244 7736 türliche Ton ist also gar kein Einzelton, er ist
396 7673 5177 7996 ein Accord, und zwar ein Duraccord. Die Wichtig¬
753 8098 4643 8284 1) Die Lehre von den Tonempfindungen. 2. Ausg. Braunschweig 1865.
750 8231 5226 8506 Leider ist Ref. nicht in der Lage gewesen, die 3., vor einigen Jaren erschienene
394 8369 1604 8614 Auflage zu benutzen.
