5958 9158
2801 680 2888 893 7
545 936 5162 1232 klängen D F a und h D F die ungleich wichtigeren a C e und
529 1221 5141 1463 e G h, in Bezug auf welche letztere die musikalische Erfarung
555 1423 5178 1629 uns belehrt, dass sie neben ihrem Charakter als abgeleiteter Zwischen¬
555 1658 5172 1877 accorde eine selbständige Bedeutung als Skalenbildner zu erlangen
543 1870 5190 2069 vermögen. Das können sie aber nur vermöge der auch in ihnen
533 2060 5173 2280 analog den Durdreiklängen durch die Verbindung von Quint und
626 2233 5186 2482 (großer) Terz verkörperten höheren harmonischen Einheit. Der
575 2434 5181 2659 Unterschied von den Durdreiklängen besteht nur darin, dass sich
552 2615 5187 2828 die (große) Terz nicht an den tiefsten, sondern an den höchsten
582 2776 5171 3079 Ton ansetzt. Dieser letztere, die Dominant, nicht die Tonika,
548 3006 5172 3259 ist daher bei den Mollaccorden der einheitliche Ausgangspunkt,
529 3242 5192 3427 der Haupt- und Stammklang, von welchem aus die harmonikalen
552 3402 5135 3618 Beziehungen, zunächst die von Quint und Terz, nicht aufwärts,
536 3606 5182 3834 sondern abwärts zu suchen sind. Mit einem Worte: Der Moll¬
560 3798 5201 4133 dreiklang ist das harmonikale Gegenbild des
585 4024 2211 4272 Durdreiklanges.
950 4143 5175 4448 Was hätte sich nicht alles aus der konsequenten Durchfürung
564 4398 5129 4651 dieses unbezweifelbar richtigen Satzes herleiten lassen! Denn,
568 4632 5174 4900 was von den beiden Dreiklängen gilt, muss folgerichtig von den
561 4823 5184 5041 beiden Tongeschlechtern überhaupt gelten. Die Quint muss im
549 4979 5183 5210 Mollgeschlechte eine der Durtonika entsprechende Bedeutung haben.
588 5205 5159 5428 Geht die Durtonleiter von der Tonika aus, so muss die ent¬
580 5420 5163 5628 sprechende Molltonleiter von der Quint ausgehen; steigt die Dur¬
536 5638 5194 5828 skala aufwärts, so steigt ihr Gegenbild abwärts; besteht die erstere
547 5789 5199 6039 aus dem tonischen Durdreiklang nebst dem oberdominantischen
538 5995 5144 6326 und unterdominantischen, sowie zwei mollartigen Zwischenaccorden:
548 6515 5182 6936 so setzt sich die letztere aus dem von der Dominant absteigenden
551 6858 5185 7123 nebst den beiden von der Tonika und der Oberquint der Dominant
560 6990 5189 7321 absteigenden Molldreiklängen zusammen und entbehrt auch nicht
565 7245 5187 7539 jener zwei Zwischenaccorde, die jetzt durartig sind, z. B. C-moll:
771 7803 5192 8051 Soweit ist Hauptmann jedoch nicht gekommen. Er setzt
517 8054 5185 8291 zur Erklärung der Molltonart one genügende Beweisfürung dem
