5958 9291
3062 620 3304 917 32
844 1028 5525 1262 setz ist, dass ein siebenteiliger Rhythmus unfassbar und darum
838 1259 5536 1471 unschön ist, so wird es auch wol als ein unanfechtbares Gesetz
838 1411 5543 1635 gelten dürfen, dass die mit der Siebenzal zusammengesetzten
825 1636 5524 1866 Schwingungsrationen keine Konsonanz erzeugen können, und dar¬
860 1861 5529 2074 um auch zur Hervorbringung irgend welcher musikalisch ver¬
878 2035 5279 2274 wendbaren Dissonanz das notwendige Bindeglied nicht haben.
1218 2198 5548 2476 Wir sind uns wol bewusst, dass wir mit diesem Satze un¬
838 2431 5531 2683 widerstehlich der als pythagorisch geltenden, übrigens noch
843 2644 5512 2869 im ganzen Mittelalter vorherrschenden Auffassung entgegeneilen,
869 2867 5556 3049 wonach die Musik als Wissenschaft nichts anders ist, als die
841 3042 5539 3287 Lehre von den Zalenverhältnissen. Erst wenn wir
842 3205 5534 3499 unwandelbar daran festhalten, dass jegliche harmonikale Konso¬
824 3458 5558 3689 nanzabstufung sich in einem mathematischen Gesetze widerspiegeln
856 3657 5543 3861 muss, und dass auch die Grenze der Harmonie wie der Eurhythmie
848 3854 5529 4071 durch gewisse Zalenverhältnisse bestimmt wird, finden die Sätze
867 4004 5542 4258 v. Oettingen’s über tonische und phonische Verwandtschaft
845 4225 5556 4492 ihre rechte Beleuchtung, wodurch es uns ermöglicht wird, ihnen
852 4417 5493 4673 auch eine präcisere Fassung zu geben. Bei der Begriffsbestimmung
873 4618 5554 4865 „Unter Tonicität eines Intervalles oder Accordes versteht man
831 4860 5553 5089 die Eigenschaft desselben, als Klangbestandteil eines Grundtones
845 5021 5538 5267 aufgefasst werden zu können”, liegt nunmehr der Hauptnachdruck
825 5246 5465 5468 auf dem Ausdrucke: „aufgefasst werden zu können”;
854 5457 5553 5691 denn die (direkte oder symphonische) Auffassungsfähigkeit, welche
838 5672 5531 5877 auf die Rationen der sechs kleinsten Zalen beschränkt ist, be¬
865 5827 5529 6085 gründet erst diese Verwandtschaft. Der Ausdruck „Grundton”
834 6080 5538 6316 könnte noch missverstanden werden; wir substituiren ihm einen
838 6240 5531 6456 anderen, der aus dem früheren verständlich sein wird: „voller
844 6428 5519 6672 Klang”, und reden bei demselben nicht mehr von „Klangbestand¬
852 6654 5503 6906 teilen”, sondern einfach von „Teilen”. Sonach würde die Defi¬
821 6850 2428 7126 nition so lauten:
1184 7018 5520 7294 1) Unter direkter oder symphonischer Toni¬
836 7221 5523 7479 cität zweier oder mehrerer Klänge versteht
808 7438 5507 7684 man ihre Eigenschaft, als Teile desselben vol¬
834 7670 5106 7929 len Klanges aufgefasst werden zu können.
1162 7852 5534 8101 In die Erklärung der Phonicität muss ebenfalls der Begriff
837 8044 5536 8330 der Auffassungsfähigkeit eingefürt werden. Wir nennen den
