5958 9191
2758 688 2901 1010 5
487 965 5120 1274 des Durgeschlechtes sei, beruhend auf einem getrübten oder ver¬
478 1207 5147 1456 schleierten Wolklang, so dass man hier und da durgeschlechtlicher
495 1441 5140 1670 Hülfsformen benötigt sei, damit es genießbar werde. Auf diese
490 1660 5153 1886 Art hätte dann am Ende die Physik oder gar die Zalenlehre wider
496 1833 3026 2129 in ihr altes Recht eintreten mögen.
847 2062 5116 2275 Wir wollen beide im Auge behalten, dabei aber nicht ver¬
516 2256 5131 2491 gessen, dass inzwischen eine h-moll-Messe, dass Mozarts g-moll-
487 2473 5150 2677 Symphonie, Beethovens fünfte und neunte, ungestört durch theo¬
489 2630 5163 2889 retische Unbequemlichkeiten, fortfaren, die Menschheit zu erschüt¬
502 2823 5153 3046 tern, und dass die ganze Moll-Sentimentalität der neueren Schule
498 3045 5165 3269 empfänglichen Seelen zu einem unschätzbaren Gegenstande der
493 3228 5150 3503 Schwärmerei geworden ist. Mit Rücksicht auf diese großen und
492 3453 5142 3665 weniger großen Erscheinungen hätte man allerdings wol den For¬
500 3664 5157 3877 schungen jener Männer, welche — wie der schon genannte C. v.
533 3821 5132 4046 Winterfeld — auf Grund der mittelalterlichen Oktavengat¬
500 4037 5145 4264 tungen one primäre Rücksichtsnahme auf die Accordbildung ver¬
514 4271 5159 4496 hältnismässig leicht das Nebeneinanderbestehen der beiden Ton¬
501 4430 5180 4722 geschlechter nachzuweisen und zu erklären vermochten, etwas
484 4618 3505 4931 mehr Verständnis entgegenbringen dürfen.
838 4833 5119 5055 Doch können die Freunde des Mollgeschlechts zufrieden sein,
515 5070 5165 5268 dass wenigstens Moritz Hauptmann 1) sich entschiedene Anhänger
506 5228 5157 5474 zu erwerben gewusst hat, der mitten im Gebiet der Accordlehre
521 5428 5161 5673 selbst einen großen Schritt gethan hat, der ihm nie vergessen
534 5673 5110 5871 werden darf, wenn auch neuere Forschungen ihn überholt haben,
527 5871 5177 6062 und wenn er auch selbst die Konsequenzen seiner Theorie wol
521 6006 5183 6294 nicht vollständig gezogen hat. Der Ausgangspunkt der Haupt¬
518 6274 5163 6490 mann'schen Theorie ist der Satz, dass das Band, welches den
521 6470 5178 6691 durch den Zwieklang der Quint in die Erscheinung tretenden Gegen¬
532 6655 5141 6869 satz zu einer höheren Einheit verbinden müsse, nur die (große)
558 6824 5134 7052 Terz sein könne. Der Dreiklang ist ihm wie ein Begriff, welcher,
518 7064 5157 7272 um sich seiner vollkommenen Einheitlichkeit nach dem Bewusst¬
531 7230 5153 7466 sein zu vermitteln, durch die drei Momente des Mit-sich-eins-seins,
554 7429 5181 7681 des Von-sich-verschieden-seins und der beides in sich verbunden
533 7647 4109 7912 haltenden höheren Einheit bestimmt werden muss.
880 7864 3791 8066 1) Die Natur der Harmonik und Metrik. Leipzig 1853. —
905 8005 5185 8236 Die Lehre von der Harmonik, Nachgelassenes Werk, herausg. v. Dr. O. Paul,
545 8114 1280 8346 Leipzig 1868,
