5958 9554
3171 680 3334 931 8
824 998 5678 1275 dominantischen Stammaccorde C es G einen tonischen Oberaccord
834 1282 5682 1546 G h D zur Seite und sagt nun, dass eine „Weiterbildung” aus
821 1486 5645 1717 diesem Anfange „nach der Unterdominantseite nur in Durdrei¬
807 1669 5685 1920 klängen möglich” sei (Lehre v. d. Harm. S. 19 und 20). Diese
867 1872 5673 2140 gänzlich ungegründete Behauptung fördert die alle Analogie mit
819 2112 4523 2369 der Durtonart zerstörende Missgestalt zu Tage:
836 2742 5635 3048 welche bei dann bei der melodischen Zusammenstellung zu einer
821 3021 5656 3339 Tonleiter (S. 27 f.), widerum one zwingenden Grund, den beiden
824 3288 5653 3476 anderen Formen, einer aufsteigenden Leiter mit A h und einer
823 3452 5635 3756 absteigenden mit B as weichen muss. Hier hat, wie man leicht
803 3753 5627 3972 erkennt, das „natürliche musikalische Gefül”, dem wir bei Gott¬
811 3925 5599 4210 fried Weber so gern begegnen, ein auf guter Grundlage be¬
823 4139 5635 4388 gonnenes System zu Falle gebracht, und die Hauptrolle spielt bei
809 4328 5639 4611 diesem Zerstörungswerke der — Leitton, jene betrübteste Erfin¬
805 4526 5653 4794 dung der grundsatzlosen modernen Theorie. Hauptmann's
819 4708 5647 5009 Molltonart ist in keinem Sinne eine Tonart. Wenn man dieses
832 4888 5650 5198 Wort nicht in der banalen Bedeutung von „Trope” nimmt, so
792 5155 5628 5375 muss von einer „Tonart” verlangt werden, dass sie entweder eine
804 5309 5628 5632 diatonisch verlaufende und zunächst melodisch gegliederte Oktaven¬
817 5616 5635 5847 gattung sei, oder dass sie nach Wegfall der den Unterschied des
796 5780 5602 6000 Authentischen und Plagalischen bedingenden Umfangsbegrenzung
800 5929 5624 6236 ein Oktavengattungspar jener Art vertrete. Eine solche Tonart
804 6189 5622 6469 hat dann natürlicherweise auch ihr leitereigenes Accordsystem.
781 6380 5605 6607 Hauptmann's Moll ist aber nur Accordsystem, es ist nicht
785 6633 5597 6831 melodieenbildnerisch, es produzirt nicht viel mehr, als eine Kadenz.
786 6796 5622 7029 Auch ein Gegenbild dieses unfruchtbaren Accordsystems hat
790 6982 5596 7247 Hauptmann geschaffen, one aber dessen gegenbildlichen Cha¬
784 7184 5606 7540 rakter zu erkennen; denn er nennt es „Molldurtonart” (a. a. O.
749 7364 1875 7737 S. 21 f.; 29):
795 8122 5559 8393 Folgerichtig hätte er seiner Molltonart den Namen „Durmolltonart”
776 8343 5605 8621 geben müssen. Wir hoffen später auf ein ganz anderes Moll-Dur
