5958 9520
3098 564 3382 906 12
835 959 5680 1236 keit dieser Warheit ist unschwer zu erkennen. Am Schönen und
816 1182 5668 1447 Schönsten will der Mensch sich ergötzen; in seiner Anschauung
818 1405 5687 1623 auszuruhen, sich in sie zu versenken, das ist ihm Genuss. Darum
848 1617 5669 1857 lässt er sich durch den geheimnisvollen Zug der Natur dahin leiten,
844 1887 5689 2085 das, was den leeren Ton zum vollen, das Unbefriedigende zum
885 2057 5658 2298 Vollschönen macht, durch eigenes Zutun noch stärker hervorzu¬
838 2243 5671 2514 heben. Der so entstehende künstliche Duraccord ist dann, wenn
825 2455 5629 2740 er sich dem natürlichen vollkommen anschließt, nichts anderes,
843 2702 5658 2915 als der natürliche Klang in potenzirter Fülle. Wir müssen an
842 2860 5681 3102 diesem Satze festhalten und von ihm ausgehen, wenn wir damit
844 3080 5659 3330 auch vielleicht Helmholtz' Resultate zum Teil überschreiten,
850 3284 5623 3546 und wenn auch unserer Neigung, das Mollgeschlecht dem Durge¬
836 3497 5682 3751 schlecht ebenbürtig zur Seite zu stellen, damit ein schwerer Stoß
858 3715 5679 3974 versetzt wird. Ist der Einzelklang, sobald er durch seine Fülle
837 3911 5646 4147 dem Begriffe des Schönen vollkommen entspricht, mit einem Dur¬
838 4175 5623 4361 accord identisch, so ist andererseits der Duraccord nichts anderes,
833 4342 5678 4577 als der Einzelklang mit künstlerischer Verstärkung und teilweiser
852 4539 5638 4809 Ergänzung derjenigen Bestandteile von ihm, die ihm seinen äs¬
849 4785 5665 4995 thetischen Hauptwert verleihen. Wir fülen es wol, dass die hier
819 4957 5683 5173 zu Tage tretende Bevorzugung des Durgeschlechtes ans Paradoxe
819 5156 5664 5373 zu streifen scheint; aber wir müssen es mit den Konsequenzen
825 5427 5688 5656 exakter Forschungen ganz genau nehmen: Die Natur kennt
832 5555 2437 5855 nur Durklänge.
1174 5768 5641 6054 Noch mehr! Nehmen wir künstlich irgend einen Zu¬
828 6019 5619 6254 sammenklang, z. B. c}—g}1) oder c}—e}, so haben wir weiter nichts,
827 6242 5660 6456 als im ersten Falle den Klang c, im zweiten den Klang C; von
841 6474 5626 6648 einem regelrecht angeschlagenen Einzelklange c bezw. C unter¬
841 6656 5626 6864 scheiden sich beide Zusammenklänge nur durch die Klangfarbe;
835 6844 5656 7072 der zweite und dritte, bezw. vierte und fünfte Partialton und
837 7044 5676 7249 teilweise einige höhere Partialtöne treten außergewönlich stark
860 7225 5657 7459 hervor. Daraus ergibt sich eine eigentümliche Färbung, aber
858 7445 5637 7700 keine Wesensänderung des Klanges. Auf das Vorhandensein der
841 7650 5669 7897 tieferen Partialtöne des Klanges und selbst des Grundtones würde
827 7845 5618 8090 es hiebei nicht einmal ankommen, aber die Natur tritt auch hier
1177 8082 5661 8286 1) Wir verlassen hier wieder die oben zur Andeutung der kommatischen Unter¬
850 8212 5672 8458 schiede angewendete Hauptmann'sche Bezeichnungsweise und adoptiren die alten
834 8379 3846 8571 Strichbezeichnungen zur Unterscheidung der Oktaven.
