5958 9479
2550 637 2787 895 15
258 969 5071 1261 ästhetischen Begriffe handeln konnte. — Innerhalb der von Helm¬
270 1236 5047 1480 holtz geltend gemachten Gesichtspunkte wird das Besprochene
274 1465 5045 1668 so ziemlich hinreichen, um den Anhalt zu kennzeichnen, welchen
262 1648 5021 1872 die Musik nach Richtung der Tonika und der tonikalen Verwandt¬
242 1863 4003 2071 schaft in den natürlichen Klangbeziehungen findet.
637 2047 5070 2340 Fassen wir mit Rücksicht auf das Verhältnis von Dur und
242 2264 3641 2549 Moll das Resultat in einige Sätze zusammen:
658 2509 5061 2761 1. Einklang und Zusammenklang sind in ihrem Wesen nicht
283 2687 1186 2933 verschieden.
621 2925 5078 3132 2. Jeder Klang ist tonikaler und zwar durgeschlechtlicher
280 3112 5058 3373 Natur. Die Durtonika ist für jeden Klang von der Natur ge¬
288 3318 794 3531 geben.
635 3490 5079 3756 3. In dem Verhältnisse der einzelnen Töne eines Klanges zur
293 3719 5088 3968 Durtonika findet jeder Klang einerseits seine Stellung in dem nach
269 3933 5064 4135 Höhe und Tiefe in unendlicher Abstufung zu denkenden Ton¬
279 4131 5056 4405 material, andererseits seine ursprünglichste ästhetische Bedeutung
270 4355 3128 4604 nach Richtung der Fülle und Schärfe.
665 4528 5062 4766 4. Der Grad der Verwandtschaft eines Einzeltones oder Zu¬
286 4765 5075 4990 sammenklanges mit seiner Tonika nach der rein elementaren Seite
285 4950 5068 5181 hin wird bestimmt durch die Rangordnung der bei demselben in
320 5146 5079 5372 Frage kommenden Partialtöne. Die von der Tonika = 1 in gan¬
283 5389 5066 5658 zen Zalen aufsteigende arithmetische Reihe bezeichnet diese Rang¬
277 5566 5060 5817 ordnung, und zugleich drücken alle Zalen dieser Reihe, auf die
310 5787 5082 6027 Einheit der Tonika bezogen, die Schnelligkeit der Schwingungen
290 5975 5037 6233 aus, denen der durch sie bezeichnete Ton seine Entstehung
299 6182 1125 6432 verdankt.
626 6387 5040 6631 5. Was man in der Musik Konsonanz und Dissonanz nennt,
269 6592 5076 6862 ist als qualitativer Dualismus aus den natürlichen Klangverhält¬
307 6818 5079 7056 nissen nicht vollständig zu erklären, da hier nur graduelle Unter¬
275 7014 2248 7264 schiede aufgezeigt werden.
641 7219 5080 7504 6. Der sogenannte Molldreiklang ist eine der schärferen, ihrem
284 7419 5079 7712 tonikalen Wesen nach schwerer zu erkennenden und als schön
263 7639 5076 7859 zu würdigenden Klangformen, weil seine Tonika schon sehr weit
294 7835 5089 8056 von denjenigen Partialtönen (10, 12, 15) entfernt ist, deren Ver¬
291 8044 4088 8288 stärkung ihm seine eigenartige Klangfarbe verleiht.
657 8264 5078 8544 7. Die Möglichkeit, den Molldreiklang als abgeleiteten Accord
