1340 2169
638 210 696 251 35
167 298 1180 347 erscheint am schwersten, den gebundenen Vorhalten gleich, mit
174 336 1176 378 vorbereiteter Dissonanz und auf accentuirtem Tact¬
174 377 1176 418 theile, am weichsten aber, einem Durchgangstone gleich, mit
171 420 1176 466 aus dem Grundtone oder aus dessen Octave nachschlagender
172 460 708 508 Septime, auf leichtem Tacttheile:
166 707 1176 752 Das Vorrecht, frei und ungebunden aufzutreten, räumte man
170 747 1175 795 bisher nur denjenigen Septimenaccorden ein, in denen ein
169 802 1173 843 oder zwei verminderte Dreiklänge enthalten waren, wie in
161 836 681 907 $$GRAPHIC oder $$GRAPHIC.
256 915 1174 964 Die neuere Tonkunst aber läßt auch die schärfste
160 963 1172 1005 Dissonanz frei auftreten, wenn es durch den Cha¬
164 1004 1174 1043 rakter des Tonstückes bedingt wird, und wenn die¬
173 1044 1173 1094 selbe eine regelmäßige Auflösung oder Trugfort¬
169 1091 1172 1135 schreitung nimmt. Denn eine Rede darf mit einer Frage
160 1132 1170 1179 beginnen, wenn nur die Antwort darauf erfolgt, und die
165 1173 1176 1227 Mathematik darf den combinirtesten Lehrsatz aufstellen, wenn
166 1215 1174 1266 sie nur den Beweis dafür zu liefern im Stande ist. Sollte
166 1260 1164 1309 also ein Tonstück nicht, wie folgt, mit einem Septimenaccorde,
170 1301 1168 1347 in welchem die herbsten Dissonanzen, eine übermäßige Quinte
158 1355 1160 1395 und eine große Septime, zugleich enthalten sind, beginnen kön¬
161 1385 1163 1434 nen? Sollte nicht, wie hier im zweiten Tacte, ein schwerer
161 1430 1163 1483 Secund-Quart-Quint-Vorhalt ungebunden auftreten können,
166 1469 1158 1523 wenn nur, wie hier z. B., wo im ersten Tact der Grundton,
166 1515 1162 1555 im zweiten die Terze, im dritten die Quinte des A moll-Drei¬
165 1555 1156 1611 klanges durch einen Vorhalt von oben und unten verzögert wird,
166 1595 1167 1642 dem Ohre durch die folgende Harmonie auch die Bedeu¬
159 1642 946 1698 tung der vorhergehenden klar gemacht wird?
