1365 2178
656 204 713 250 11
170 291 1180 331 alle drei, zwei, einen oder keinen Ton mit einander gemein¬
185 331 325 387 schaftlich.
266 372 1181 418 Im ersten Falle tritt derselbe Accord zweimal hinter
179 420 1180 467 einander auf, und seine verschiedenen Stimmen können dabei
173 463 1182 507 in einer und derselben Lage verharren, oder dieselbe steigend
175 501 626 555 oder fallend wechseln; z. B.
176 859 1182 907 Hierbei ist zu bemerken, daß der Dreiklang in seiner Grund¬
173 902 1172 947 lage die meiste, in der Terzsext-Lage weniger, und in der Quart¬
177 944 1177 991 sext-Lage fast keine Selbstständigkeit mehr zeigt. Ein befrie¬
179 987 1180 1034 digender Schluß würde also nur mit dem tonischen Dreiklange
179 1029 1174 1083 in der Grundlage, und zwar auf accentuirtem Tacttheile,
181 1071 559 1123 gebildet werden können.
261 1116 1178 1164 Haben zwei auf einander folgende Dreiklänge zwei Töne
182 1156 1183 1205 gemeinschaftlich, so werden eben diese die natürlichsten verbin¬
173 1200 1175 1243 denden Glieder derselben bilden, und nur eine Stimme wird
174 1244 1177 1289 dabei melodisch, d. h. stufenweise in den folgenden Accord
177 1283 355 1339 übergehen:
173 1780 1182 1827 Schon bei einer solchen natürlichen Folge von Dreiklängen
181 1819 1177 1866 wird die Nothwendigkeit einer vierten Stimme fühlbar, um den
182 1861 1182 1915 folgerichtig auftretenden Accorden, welche dabei die Quartsext¬
