1359 2170
663 188 727 235 52
203 500 1203 550 so bildet diese Folge zwar keinen Schlußfall, wol aber einen
205 548 1207 587 Einschnitt. Terzverwandte Dreiklänge aber, wie der A moll-
204 588 1204 631 und C dur-, oder der E moll- und C dur-Dreiklang, erweisen
208 628 1203 683 sich als so eng verbundene Accorde, daß ihre Folge nicht einmal
199 668 836 715 den Eindruck einer Cäsur hervorbringt.
289 710 1208 763 Nur der tonische Dreiklang in der Grundlage kann als
199 757 1200 799 Schlußaccord und auf accentuirtem Tacttheile das be¬
203 796 1199 851 friedigende Ende eines Tonstückes herbeiführen. Die oben mit¬
200 851 1205 891 getheilten Cadenzen aber können auf die mannigfaltigste Weise
204 884 1208 922 ausgeschmückt und erweitert werden. Eine besondere Kraft be¬
201 923 1209 967 kommen dieselben, wenn Septimenharmonien sowol auf der
195 965 1207 1011 Unter- wie auf der Oberdominante Theil daran nehmen, und
200 1012 1206 1051 namentlich charakterisirt der Dominantseptimenaccord eine
198 1052 1199 1092 Tonart sehr bestimmt, indem er die beiden Dominanten der¬
200 1092 1209 1146 selben mit den beiden Dissonanzen der Tonica, dem Leitetone
202 1143 851 1187 und der Secunde, gleichzeitig hören läßt.
