<?xml version="1.0" encoding="UTF-8" standalone="yes"?>
<PcGts xmlns="http://schema.primaresearch.org/PAGE/gts/pagecontent/2013-07-15" xmlns:xsi="http://www.w3.org/2001/XMLSchema-instance" xsi:schemaLocation="http://schema.primaresearch.org/PAGE/gts/pagecontent/2013-07-15 http://schema.primaresearch.org/PAGE/gts/pagecontent/2013-07-15/pagecontent.xsd">
    <Metadata>
        <Creator>prov=University of Rostock/Institute of Mathematics/CITlab|PLANET AI GmbH/Gundram Leifert/gundram.leifert@planet-ai.de:name=ONB_Newseye_GT_M1+(htr_id=10810)::::v=2.6.7
prov=University of Rostock/Institute of Mathematics/CITlab|PLANET AI GmbH/Tobias Gruening/tobias.gruening@planet-ai.de:name=de.uros.citlab.module.baseline2polygon.B2PSeamMultiOriented:v=2.6.7
prov=University of Rostock/Institute of Mathematics/CITlab|PLANET AI GmbH/Tobias Gruening/tobias.gruening@planet-ai.de:name=/net_tf/LA73_249_0mod360.pb:de.uros.citlab.segmentation.CITlab_LA_ML:v=2.6.7
Transkribus</Creator>
        <Created>2021-02-19T15:11:51.323+01:00</Created>
        <LastChange>2021-08-17T12:30:11.091+02:00</LastChange>
        <TranskribusMetadata docId="738834" pageId="28121582" pageNr="72" tsid="62686312" status="DONE" userId="74363" imgUrl="https://files.transkribus.eu/Get?id=OUMOSJFVISAIDMHNLIAALABV&amp;fileType=view" xmlUrl="https://files.transkribus.eu/Get?id=ESTZYGOMNEYDZBIPYCQGAYZX" imageId="21904952"/>
    </Metadata>
    <Page imageFilename="Weitzmann_1860_Harmoniesystem-0072.jpg" imageWidth="1371" imageHeight="2161" type="content">
        <ReadingOrder>
            <OrderedGroup id="ro_1630573948127" caption="Regions reading order">
                <RegionRefIndexed index="0" regionRef="TextRegion_1614169352288_2526"/>
                <RegionRefIndexed index="1" regionRef="TextRegion_1614169352288_2525"/>
                <RegionRefIndexed index="3" regionRef="TextRegion_1614169345289_2517"/>
                <RegionRefIndexed index="5" regionRef="TextRegion_1614169337136_2509"/>
                <RegionRefIndexed index="7" regionRef="TextRegion_1614169332455_2501"/>
                <RegionRefIndexed index="8" regionRef="TextRegion_1614169329437_2497"/>
            </OrderedGroup>
        </ReadingOrder>
        <TextRegion orientation="0.0" type="page-number" id="TextRegion_1614169352288_2526" custom="readingOrder {index:0;} structure {type:page-number;}">
            <Coords points="186,198 1202,198 1202,243 186,243"/>
            <TextLine id="r1l1" custom="readingOrder {index:0;}">
                <Coords points="655,226 663,226 674,234 703,234 711,227 719,227 719,189 674,188 662,199 655,199"/>
                <Baseline points="662,222 687,222 712,222"/>
                <TextEquiv>
                    <Unicode>57</Unicode>
                </TextEquiv>
            </TextLine>
            <TextEquiv>
                <Unicode>57</Unicode>
            </TextEquiv>
        </TextRegion>
        <TextRegion orientation="0.0" id="TextRegion_1614169352288_2525" custom="readingOrder {index:1;} structure {type:paragraph-continued;}">
            <Coords points="186,243 1202,243 1202,450 186,450"/>
            <TextLine id="r1l2" custom="readingOrder {index:0;} m_chord {offset:21; length:16;}">
                <Coords points="186,314 1060,323 1201,315 1201,274 185,276"/>
                <Baseline points="192,308 242,307 292,307 342,306 392,306 442,305 492,305 542,305 592,305 642,305 693,305 743,305 793,305 843,305 893,306 943,306 993,306 1043,305 1093,305 1143,305 1194,304"/>
                <TextEquiv>
                    <Unicode>Wir konnten aber vom B dur-Dreiklange aus sogleich den</Unicode>
                </TextEquiv>
            </TextLine>
            <TextLine id="r1l3" custom="readingOrder {index:1;} textStyle {offset:0; length:7;fontSize:0.0; kerning:0; letterSpaced:true;} concept_mus {offset:0; length:7;} m_chord {offset:8; length:22;} m_tonality {offset:35; length:12;}">
                <Coords points="186,356 1195,361 1182,315 186,325"/>
                <Baseline points="192,350 241,350 291,349 341,349 391,349 441,348 491,348 540,348 590,348 640,347 690,347 740,347 790,347 840,347 889,347 939,347 989,347 1039,347 1089,348 1139,348 1189,348"/>
                <TextEquiv>
                    <Unicode>weichen Unterdominantdreiklang der D dur-Tonart erreichen,</Unicode>
                </TextEquiv>
            </TextLine>
            <TextLine id="r1l4" custom="readingOrder {index:2;} concept_mus {offset:33; length:6;} m_tonality {offset:50; length:6;}">
                <Coords points="187,401 1205,402 1205,362 1110,356 187,363"/>
                <Baseline points="193,392 243,392 293,392 343,392 394,391 444,391 494,391 544,391 595,391 645,391 695,391 745,391 796,391 846,391 896,391 946,391 997,391 1047,390 1097,390 1147,390 1198,390"/>
                <TextEquiv>
                    <Unicode>und von diesem ausgehend nun die Cadenz der neuen Tonart</Unicode>
                </TextEquiv>
            </TextLine>
            <TextLine id="r1l5" custom="readingOrder {index:3;}">
                <Coords points="183,441 215,443 224,452 245,452 255,443 352,443 352,411 322,413 315,406 305,411 264,411 249,401 239,411 227,405 213,407 207,401 183,406"/>
                <Baseline points="189,434 215,435 241,436 267,435 293,434 319,435 345,436"/>
                <TextEquiv>
                    <Unicode>beginnen:</Unicode>
                </TextEquiv>
            </TextLine>
            <TextEquiv>
                <Unicode>Wir konnten aber vom B dur-Dreiklange aus sogleich den&#13;
weichen Unterdominantdreiklang der D dur-Tonart erreichen,&#13;
und von diesem ausgehend nun die Cadenz der neuen Tonart&#13;
beginnen:</Unicode>
            </TextEquiv>
        </TextRegion>
        <MusicRegion id="Music_1614169398235_2538" custom="readingOrder {index:2;} structure {type:floating;}">
            <Coords points="186,450 1202,450 1202,624 186,624"/>
        </MusicRegion>
        <TextRegion orientation="0.0" id="TextRegion_1614169345289_2517" custom="readingOrder {index:3;} structure {type:paragraph-continued;}">
            <Coords points="186,624 1202,624 1202,850 186,850"/>
            <TextLine id="r1l16" custom="readingOrder {index:0;} textStyle {offset:34; length:10;fontSize:0.0; kerning:0; letterSpaced:true;} m_tonality {offset:45; length:6;}">
                <Coords points="190,680 1204,674 1204,641 1143,636 190,636"/>
                <Baseline points="196,670 246,670 296,670 346,670 396,670 446,670 496,670 546,670 596,670 646,670 697,670 747,670 797,670 847,670 897,670 947,670 997,669 1047,669 1097,669 1147,668 1198,668"/>
                <TextEquiv>
                    <Unicode>Einer in Beziehung auf eine erste vertieften Tonart nähern</Unicode>
                </TextEquiv>
            </TextLine>
            <TextLine id="r1l17" custom="readingOrder {index:1;} textStyle {offset:15; length:9;fontSize:0.0; kerning:0; letterSpaced:true;} m_note {offset:39; length:8;}">
                <Coords points="194,722 952,707 1111,731 1197,723 1197,677 686,704 618,676 194,684"/>
                <Baseline points="201,712 250,712 300,712 349,712 399,713 448,713 498,713 547,713 597,713 646,713 696,713 745,713 795,713 844,713 894,713 943,712 993,712 1042,712 1092,712 1141,711 1191,711"/>
                <TextEquiv>
                    <Unicode>wir uns ebenso gradweise, wenn wir den Grundbaß des</Unicode>
                </TextEquiv>
            </TextLine>
            <TextLine id="r1l18" custom="readingOrder {index:2;} concept_mus {offset:0; length:9;} m_chord {offset:10; length:11;} concept_mus {offset:35; length:12;}">
                <Coords points="187,757 1130,767 1202,762 1202,723 187,729"/>
                <Baseline points="193,754 243,754 293,754 343,755 393,755 443,755 493,755 544,755 594,755 644,755 694,755 744,755 794,755 844,755 895,755 945,754 995,754 1045,754 1095,754 1145,753 1196,753"/>
                <TextEquiv>
                    <Unicode>tonischen Dreiklanges der ersteren quintenweise herab- (oder</Unicode>
                </TextEquiv>
            </TextLine>
            <TextLine id="r1l19" custom="readingOrder {index:3;} concept_mus {offset:0; length:12;}">
                <Coords points="197,812 1176,811 1205,764 197,773"/>
                <Baseline points="203,797 252,797 302,797 352,797 402,797 452,797 501,797 551,797 601,797 651,797 701,797 750,798 800,798 850,798 900,798 950,797 999,797 1049,797 1099,797 1149,796 1199,796"/>
                <TextEquiv>
                    <Unicode>quartenweise hinauf-) steigen lassen und sodann das ähnliche</Unicode>
                </TextEquiv>
            </TextLine>
            <TextLine id="r1l20" custom="readingOrder {index:4;}">
                <Coords points="188,847 856,858 933,851 933,810 188,818"/>
                <Baseline points="194,840 230,840 267,839 303,839 340,839 377,839 413,839 450,839 486,839 523,840 560,840 596,840 633,840 669,840 706,840 743,840 779,840 816,840 852,840 889,840 926,840"/>
                <TextEquiv>
                    <Unicode>oben angedeutete Verfahren beobachten; z. B.</Unicode>
                </TextEquiv>
            </TextLine>
            <TextEquiv>
                <Unicode>Einer in Beziehung auf eine erste vertieften Tonart nähern&#13;
wir uns ebenso gradweise, wenn wir den Grundbaß des&#13;
tonischen Dreiklanges der ersteren quintenweise herab- (oder&#13;
quartenweise hinauf-) steigen lassen und sodann das ähnliche&#13;
oben angedeutete Verfahren beobachten; z. B.</Unicode>
            </TextEquiv>
        </TextRegion>
        <MusicRegion id="Music_1614169406681_2545" custom="readingOrder {index:4;} structure {type:floating;}">
            <Coords points="186,850 1202,850 1202,1132 186,1132"/>
        </MusicRegion>
        <TextRegion orientation="0.0" type="paragraph" id="TextRegion_1614169337136_2509" custom="readingOrder {index:5;} structure {type:paragraph;}">
            <Coords points="186,1132 1202,1132 1202,1274 186,1274"/>
            <TextLine id="r1l31" custom="readingOrder {index:0;} concept_mus {offset:26; length:7;} m_chord {offset:34; length:22;}">
                <Coords points="190,1180 1202,1187 1202,1149 1152,1140 190,1140"/>
                <Baseline points="196,1176 246,1176 296,1176 346,1176 396,1176 446,1175 496,1175 546,1175 596,1175 646,1175 696,1176 746,1176 796,1176 846,1176 896,1176 946,1176 996,1176 1046,1176 1096,1176 1146,1176 1196,1176"/>
                <TextEquiv>
                    <Unicode>Auch hier konnten wir den weichen Unterdominantdreiklang der</Unicode>
                </TextEquiv>
            </TextLine>
            <TextLine id="r1l32" custom="readingOrder {index:1;} m_tonality {offset:0; length:12;} m_tonality {offset:48; length:12;}">
                <Coords points="183,1227 1208,1225 1208,1191 1093,1182 183,1189"/>
                <Baseline points="189,1218 239,1218 290,1218 340,1218 391,1217 442,1218 492,1218 543,1218 594,1218 644,1218 695,1219 746,1219 796,1219 847,1219 898,1219 948,1219 999,1219 1050,1219 1100,1218 1151,1218 1202,1217"/>
                <TextEquiv>
                    <Unicode>D dur-Tonart benutzen und damit sogleich in die B dur-Tonart</Unicode>
                </TextEquiv>
            </TextLine>
            <TextLine id="r1l33" custom="readingOrder {index:2;}">
                <Coords points="183,1274 207,1283 240,1267 350,1283 404,1262 431,1275 537,1268 537,1235 182,1229"/>
                <Baseline points="189,1261 215,1262 241,1262 267,1262 294,1262 320,1261 346,1261 373,1260 399,1260 425,1260 452,1260 478,1260 504,1260 531,1261"/>
                <TextEquiv>
                    <Unicode>hineinversetzt werden:</Unicode>
                </TextEquiv>
            </TextLine>
            <TextEquiv>
                <Unicode>Auch hier konnten wir den weichen Unterdominantdreiklang der&#13;
D dur-Tonart benutzen und damit sogleich in die B dur-Tonart&#13;
hineinversetzt werden:</Unicode>
            </TextEquiv>
        </TextRegion>
        <MusicRegion id="Music_1614169414693_2552" custom="readingOrder {index:6;} structure {type:floating;}">
            <Coords points="186,1274 1202,1274 1202,1497 186,1497"/>
        </MusicRegion>
        <TextRegion orientation="0.0" type="paragraph" id="TextRegion_1614169332455_2501" custom="readingOrder {index:7;} structure {type:paragraph;}">
            <Coords points="186,1497 1202,1497 1202,1678 186,1678"/>
            <TextLine id="r1l41" custom="readingOrder {index:0;} textStyle {offset:4; length:30;fontSize:0.0; kerning:0; letterSpaced:true;} concept_mus {offset:4; length:6;} m_chord {offset:11; length:23;} m_chord {offset:41; length:4; continued:true;}">
                <Coords points="274,1546 1190,1540 1135,1499 274,1508"/>
                <Baseline points="280,1539 325,1539 370,1539 415,1539 460,1539 506,1539 551,1539 596,1539 641,1539 686,1539 732,1539 777,1539 822,1539 867,1539 912,1539 958,1539 1003,1539 1048,1539 1093,1539 1138,1539 1184,1538"/>
                <TextEquiv>
                    <Unicode>Der weiche Unterdominant-Dreiklang eines Dur-</Unicode>
                </TextEquiv>
            </TextLine>
            <TextLine id="r1l42" custom="readingOrder {index:1;} m_chord {offset:0; length:11; continued:true;} textStyle {offset:12; length:36;fontSize:0.0; kerning:0; letterSpaced:true;}">
                <Coords points="183,1585 1044,1595 1194,1588 1194,1558 182,1549"/>
                <Baseline points="189,1581 238,1581 288,1581 338,1581 388,1582 438,1582 488,1582 538,1582 588,1581 638,1581 688,1581 737,1581 787,1581 837,1581 887,1581 937,1581 987,1580 1037,1580 1087,1580 1137,1580 1187,1580"/>
                <TextEquiv>
                    <Unicode>Dreiklanges vertieft also jederzeit um vier Grad, wie der</Unicode>
                </TextEquiv>
            </TextLine>
            <TextLine id="r1l43" custom="readingOrder {index:2;} textStyle {offset:0; length:28;fontSize:0.0; kerning:0; letterSpaced:true;} concept_mus {offset:0; length:5;} m_chord {offset:6; length:22;}">
                <Coords points="183,1627 1193,1635 1193,1595 1155,1588 831,1613 183,1588"/>
                <Baseline points="189,1624 238,1624 288,1624 338,1624 388,1624 438,1624 488,1624 538,1624 588,1624 638,1624 688,1624 737,1624 787,1624 837,1624 887,1624 937,1624 987,1624 1037,1624 1087,1624 1137,1623 1187,1623"/>
                <TextEquiv>
                    <Unicode>harte Oberdominant-Dreiklang eines herbeigeführten</Unicode>
                </TextEquiv>
            </TextLine>
            <TextLine id="r1l44" custom="readingOrder {index:3;} m_chord {offset:0; length:16;} textStyle {offset:20; length:17;fontSize:0.0; kerning:0; letterSpaced:true;}">
                <Coords points="187,1674 1001,1674 1001,1638 950,1632 187,1632"/>
                <Baseline points="194,1666 234,1666 274,1666 314,1666 354,1666 394,1666 434,1666 474,1666 514,1666 554,1666 594,1666 634,1666 674,1666 714,1666 754,1666 794,1666 834,1666 874,1666 914,1666 954,1665 995,1665"/>
                <TextEquiv>
                    <Unicode>Moll-Dreiklanges um vier Grad erhöhen wird.</Unicode>
                </TextEquiv>
            </TextLine>
            <TextEquiv>
                <Unicode>Der weiche Unterdominant-Dreiklang eines Dur-&#13;
Dreiklanges vertieft also jederzeit um vier Grad, wie der&#13;
harte Oberdominant-Dreiklang eines herbeigeführten&#13;
Moll-Dreiklanges um vier Grad erhöhen wird.</Unicode>
            </TextEquiv>
        </TextRegion>
        <TextRegion orientation="0.0" id="TextRegion_1614169329437_2497" custom="readingOrder {index:8;} structure {type:paragraph-continued;}">
            <Coords points="186,1678 1202,1678 1202,1911 186,1911"/>
            <TextLine id="r1l45" custom="readingOrder {index:0;} concept_mus {offset:4; length:9;} m_tonality {offset:24; length:6;}">
                <Coords points="275,1713 1196,1715 1196,1684 1054,1669 275,1675"/>
                <Baseline points="281,1707 326,1708 371,1708 417,1708 462,1708 508,1708 553,1708 599,1708 644,1708 690,1708 735,1707 780,1707 826,1707 871,1707 917,1707 962,1707 1008,1707 1053,1707 1099,1707 1144,1707 1190,1708"/>
                <TextEquiv>
                    <Unicode>Der Uebergang aus einer Tonart in die andere ist in den</Unicode>
                </TextEquiv>
            </TextLine>
            <TextLine id="r1l46" custom="readingOrder {index:1;} concept_mus {offset:34; length:14;} concept_mus {offset:49; length:11; continued:true;}">
                <Coords points="179,1749 1153,1767 1191,1719 179,1727"/>
                <Baseline points="186,1751 235,1751 285,1751 335,1750 385,1750 435,1750 485,1750 535,1750 585,1750 635,1750 685,1750 734,1750 784,1750 834,1750 884,1750 934,1750 984,1750 1034,1750 1084,1750 1134,1749 1184,1749"/>
                <TextEquiv>
                    <Unicode>vorstehenden Beispielen nur durch nahe verwandte Dreiklangs¬</Unicode>
                </TextEquiv>
            </TextLine>
            <TextLine id="r1l47" custom="readingOrder {index:2;} concept_mus {offset:0; length:9; continued:true;} textStyle {offset:10; length:8;fontSize:0.0; kerning:0; letterSpaced:true;}">
                <Coords points="188,1807 1194,1802 1194,1757 941,1782 188,1764"/>
                <Baseline points="195,1793 244,1793 294,1793 343,1793 393,1793 443,1793 492,1793 542,1793 591,1793 641,1793 691,1793 740,1793 790,1793 839,1793 889,1793 939,1793 988,1792 1038,1792 1087,1792 1137,1792 1187,1791"/>
                <TextEquiv>
                    <Unicode>harmonien allmälig herbeigeführt worden. Andere Mittel</Unicode>
                </TextEquiv>
            </TextLine>
            <TextLine id="r1l48" custom="readingOrder {index:3;} concept_mus {offset:15; length:12;}">
                <Coords points="182,1846 1172,1844 1201,1811 182,1813"/>
                <Baseline points="189,1836 239,1836 289,1836 339,1836 390,1836 440,1835 490,1835 541,1835 591,1835 641,1835 692,1835 742,1835 792,1835 842,1835 893,1834 943,1834 993,1834 1044,1834 1094,1834 1144,1834 1195,1833"/>
                <TextEquiv>
                    <Unicode>zu dergleichen Modulationen aber bieten uns alle die in dem</Unicode>
                </TextEquiv>
            </TextLine>
            <TextLine id="r1l49" custom="readingOrder {index:4;} concept_mus {offset:40; length:12;}">
                <Coords points="184,1883 1056,1899 1196,1882 1196,1852 183,1850"/>
                <Baseline points="190,1878 240,1878 290,1878 340,1878 390,1878 440,1878 490,1878 540,1878 590,1878 640,1878 690,1878 740,1878 790,1878 840,1878 890,1878 940,1877 990,1877 1040,1877 1090,1877 1140,1877 1190,1877"/>
                <TextEquiv>
                    <Unicode>Vorhergehenden ausführlich besprochenen Accordfolgen. So</Unicode>
                </TextEquiv>
            </TextLine>
            <TextEquiv>
                <Unicode>Der Uebergang aus einer Tonart in die andere ist in den
vorstehenden Beispielen nur durch nahe verwandte Dreiklangs¬
harmonien allmälig herbeigeführt worden. Andere Mittel
zu dergleichen Modulationen aber bieten uns alle die in dem
Vorhergehenden ausführlich besprochenen Accordfolgen. So</Unicode>
            </TextEquiv>
        </TextRegion>
    </Page>
</PcGts>
