1359 2169
629 203 704 251 17
152 292 1162 338 töne im Verhältnisse einer kleinen Unter- oder Oberquinte zu
164 332 1163 378 einander stehen, wie C dur und Fis dur oder Ges dur. Zu
160 372 1164 420 scharfen modulatorischen Gegensätzen eignen sich diese jedenfalls
162 419 1161 459 besser, als die ebenfalls noch als entfernt verwandt betrachteten
159 460 1156 507 Tonarten, deren Haupttöne im Verhältniß einer Secunde zu
166 500 1152 548 einander stehen, wie C dur und D moll, oder A moll und G dur.
159 547 1152 594 Die weiche Tonart der Oberdominante einer Durtonart aber,
157 588 1154 634 und die harte der Unterdominante einer Molltonart, wie C dur
158 630 1157 675 und G moll, oder A moll und D dur, stehen einander trotz der
153 670 1159 715 Verbindung ihrer quintverwandten Dreiklänge so fremd ge¬
160 709 1164 764 genüber, daß sie nicht einmal zu modulatorischen Gegensätzen
158 760 1154 805 zu benutzen sind. Die Folge des C dur- und des G moll-Drei¬
160 803 1150 843 klanges würde uns in die F dur-Tonart, die des A moll- und
155 842 1160 883 des D dur-Dreiklanges in die G dur-Tonart versetzen, denn die
155 884 1157 930 Durtonart kann wol, wie oben bemerkt, mit harter oder weicher
158 928 1160 972 Unterdominante, niemals aber mit weicher Oberdominante, wie
157 969 1160 1010 die Molltonart im Gegentheile wol mit weicher oder harter
155 1011 1151 1052 Oberdominante, niemals aber mit harter Unterdominante zur
160 1051 1158 1099 Anwendung gebracht werden. Der Dur- und der Molltonart
155 1094 1042 1139 würden sich also die folgenden Verwandten anschließen:
159 1428 1159 1467 Der C dur-Dreiklang ist, wie bemerkt, verbunden mit allen
157 1469 1152 1516 Hauptdreiklängen der hier angegebenen Verwandten der C dur-
150 1510 1151 1563 Tonart, er findet sich sogar vollständig vor in der F moll-,
151 1556 1146 1602 F dur-, A moll-, C dur-, E moll-, G dur- und D moll-Tonart,
158 1596 1146 1642 und steht also nicht allein mit den tonischen Dreiklängen, son¬
149 1644 1154 1683 dern auch mit den übrigen Harmonien dieser Tonarten und
156 1682 1154 1731 deren weiteren Verzweigungen in näherer Beziehung. Zwei
150 1724 1157 1769 auf einander folgende Accorde wird das Ohr daher nicht in
151 1764 1148 1811 ihre entfernteste, sondern in ihre nächste Beziehung zu einander
158 1806 1146 1856 setzen. So wird z. B. bei einer in C dur erscheinenden Accord¬
145 1851 326 1907 folge wie:
