1368 2169
682 203 749 243 18
205 508 1209 547 das Ohr nicht in die um fünf Grade entfernte Des dur- oder
208 548 1206 593 B moll-Tonart geführt zu werden vermeinen, sondern mit Auf¬
209 587 1203 642 fassung der Doppelbedeutung des C durdreiklanges diese Accorde
213 636 1216 683 als der verwandten F moll-Tonart angehörig vernehmen. Ist
210 681 1212 727 aber somit das unvermittelte Auftreten des Des dur-Dreiklanges
214 715 1211 766 gerechtfertigt, so kann wiederum auch jede seiner harmonischen
209 757 1212 803 Bedeutungen, wie z. B. die als Unterdominant-Dreiklang von
209 804 1203 850 As dur, als tonischer, als Oberdominant-Dreiklang von Ges dur
214 851 1217 899 u. s. f. benutzt, und demgemäß eine Modulation ausgeführt
207 886 454 939 werden; z. B.
216 1380 1215 1427 Eine ähnliche Erklärung und Anwendung wird ebenso der
213 1433 1214 1474 obenstehenden Folge des C dur- und B moll-Dreiklanges, wie
213 1467 1218 1507 auch den nachstehenden Dreiklangsfolgen gegeben werden können.
