1368 2174
660 196 721 243 34
191 275 1191 323 Mehrdeutigkeit in innerem Zusammenhange mit einander stehen.
194 324 1191 370 Bei 1 haben die beiden ersten Accorde, der tonische und der
193 364 1196 406 Dominantseptimenaccord der C dur-Tonart, einen inneren Zu¬
198 406 1196 454 sammenhang, nicht aber der letztere mit dem ihm folgenden
197 452 1191 498 Fis dur-Dreiklange. In der Fis dur-Tonart könnte jedoch der
195 492 1200 539 tonische Dreiklang mit Benutzung von zwei chromatischen Tönen
197 533 1202 579 durch den Accord eis g h d verzögert werden, wie bei 4. Dieser
199 579 1191 627 Zusammenklang aber würde in der C dur-Tonart, wie bei 2,
193 620 1196 667 wiederum mit dem ihm vorangehenden tonischen Dreiklange
195 660 1200 707 derselben keinen harmonischen Zusammenhang zeigen, denn
197 708 1192 746 dieser wird eben nur in der enharmonischen Bedeutung des
197 747 1192 794 Tones F zu suchen sein, wie bei 3. In der C dur-Tonart ist
192 788 1195 834 demnach die Septime des Dominantaccordes bei 1 eine chro¬
198 830 1196 874 matische Verzögerung des folgenden Tones Fis, und der
196 876 1199 915 Accord f g h d wird hier nur durch seine enharmonische Mehr¬
202 917 1202 959 deutigkeit als eis g h d den Uebergang in den Fis dur-Drei¬
202 957 562 1011 klang bewirken können.
542 1524 854 1578 Septimenaccorde.
294 1604 1201 1650 Ein Septimenaccord entsteht, wenn zwei nächst-, also
197 1644 1205 1690 terzverwandte Dreiklänge statt nach einander zu erscheinen,
206 1688 1200 1738 gleichzeitig, zusammen auftreten. Seine Dissonanz bildet die
208 1732 1203 1778 Septime, und in einigen noch besonders zu besprechenden Fällen
201 1773 1206 1819 außerdem auch die kleine oder die übermäßige Quinte, und in
208 1815 1203 1863 seinen verschiedenen Lagen als $$MATH, $$MATH und $$MATH Accord auch die Um¬
205 1862 1201 1914 kehrung der genannten Dissonanzen. Ein jeder Septimenaccord
