1373 2181
659 197 730 244 12
192 277 1200 329 lage nicht vermeiden können, eine festere Basis in dem Grund¬
200 323 823 371 tone oder in der Terze zu geben; z. B.
189 707 1200 751 Wie hier durch den Grundton, so können diese Dreiklänge
193 756 1193 803 auch durch die Terze, oder durch beide Töne abwechselnd basirt
196 793 421 852 werden; z. B.
195 1124 1199 1170 Ein bestimmter Schlußfall aber wird durch terzverwandte
197 1169 1196 1219 Dreiklänge nicht herbeigeführt, selbst wenn, wie hier, der Baß
201 1207 646 1257 einen Quintenschritt nimmt.
283 1252 1197 1299 Bei einer Folge von consonirenden Accorden ist außer
194 1294 1202 1339 der hier gegebenen natürlichsten Stimmenführung eine jede
193 1338 962 1382 andere für zweckmäßig erachtete zulässig; z. B.
193 1736 1201 1780 wobei noch zu bemerken ist, daß bei verbundenen Dreiklängen
196 1772 1206 1817 verdeckte Octaven und Quinten selbst im strengsten Style
201 1812 1198 1866 „erlaubt” sind, da diese schon erscheinen, wenn hier der Terzen¬
204 1858 1057 1907 schritt des Basses zum Sextenschritt umgekehrt wird:
