1373 2171
658 196 722 243 42
197 284 1197 330 nun in einer der soeben genannten Tonarten vorfinden, wie
192 325 1198 363 bei 3, oder der Tonart fremde chromatische Töne be¬
197 365 1194 418 nutzen, wie z. B. die übermäßigen Sextaccorde bei 4, 5,
199 411 1197 451 6, sowie die mit chromatischen Durchgangstönen in die
194 451 1194 497 folgende Consonanz übergehenden Harmonien bei 7 und 8 fin¬
200 494 1203 539 den ihre Rechtfertigung, wenn ihre vorhaltenden Stimmen nicht
193 536 1196 586 springend fortschreiten, sondern sich als melodische Verzöge¬
195 579 810 626 rungen folgender Accordtöne erweisen.
283 940 1201 987 Wie die gebundenen Vorhalte bisher als Verzögerungen
193 996 1196 1035 eines Dreiklanges benutzt wurden, so kann auch das Auftre¬
201 1029 1194 1075 ten eines Septimenaccordes durch gebundene Vor¬
197 1076 1196 1124 halte verzögert werden, doch werden diese, der ihnen eigenen
201 1123 1196 1163 Schwere wegen, wie jene, einen accentuirten Tacttheil in An¬
191 1155 1155 1209 spruch nehmen, oder einen leichten zum schweren umwandeln.
