1362 2157
648 164 707 211 63
170 243 1167 298 ruhig dahingleitenden oder einen stürmisch aufbrausenden Gang
170 300 1172 342 zu verleihen. Es muß ihm ebenso überlassen bleiben, zu
180 331 1175 379 seinen Harmonien die weichsten und üppigsten oder die schnei¬
168 375 1172 419 dendsten und rauhesten Accorde, die natürlichsten oder die
172 419 1178 468 schroffsten Fortschreitungen derselben auszuwählen und zu be¬
170 460 1181 506 nutzen. Er muß deßhalb auch die Mittel alle kennen, welche
175 500 1182 548 ihm zu Gebote stehen. Er muß nach eigenem Ermessen harte
167 545 1176 587 Dissonanzen durch Bindungen weicher und fließender machen
174 587 1170 628 können, er muß sinnlose Terzen-, Sexten-, Quinten-, Octaven-,
176 628 1179 674 Secunden- oder Septimenparallelen vermeiden können, aber
168 668 1180 713 er muß auch nicht davor zurückschrecken, eine charakteristisch be¬
173 714 1172 762 zeichnende, zweckentsprechende, den treuen Ausdruck der Wahr¬
175 760 1179 805 heit treffende Melodie oder Accordfolge zu gebrauchen, weil sie
175 803 1171 851 vielleicht nicht den Anforderungen eines verweichlichten Ohres
177 843 1176 891 oder einer herrschenden Theorie entspricht. Mit den zuletzt auf¬
170 890 1173 931 gestellten chromatischen Verzögerungen, und mit dem Bemerken,
174 924 1180 971 daß die oben besprochenen Haltetöne unter den erwähnten Be¬
180 964 1176 1011 dingungen auch zuweilen in der Ober- oder in einer Mittel¬
174 1012 1183 1059 stimme wirkungsvoll angewendet werden können, haben wir aber
172 1053 1175 1098 zugleich die Möglichkeit zur Bildung solcher dissonirender Zu¬
182 1093 1188 1140 sammenklänge, welche sich theoretisch erklären und rechtfertigen
176 1136 1179 1179 lassen, bis auf ihre äußersten Grenzen ausgedehnt. Wir erbitten
177 1179 1187 1236 also für diese Blätter ein strenges, aber unbefangenes Urtheil
177 1220 675 1266 und schließen mit den Worten:
270 1336 1077 1395 „Prüfet Alles, und das Beste behaltet!”
