1373 2163
653 196 709 234 49
175 268 1181 323 so ist er dazu berechtigt, weil nicht er, sondern der bei dieser
176 323 1194 372 Harmonie betheiligte Septimenaccord eine Verzögerung des
184 361 1185 410 folgenden Accordes bildet, er in diesem Falle also eine freie
172 410 659 458 Fortschreitung nehmen durfte.
275 444 1184 491 Gewöhnlich macht sich der Orgelpunct gegen das Ende
177 492 1176 539 eines Tonstückes geltend und zwar über der Oberdominante,
182 528 1184 586 um den Schluß aufzuhalten (s. u. 1), oder über der Tonica,
179 576 1185 619 um den Schluß zu verlängern (2); er kann aber auch über
179 619 1185 659 diesen beiden gleichzeitig ausgehaltenen Tönen (3), über jedem
181 660 1184 705 anderen Tone, dem eine solche hervortretende Tragkraft zuge¬
186 702 1178 743 theilt werden soll, zu Anfang oder in der Mitte eines Ton¬
181 739 1182 793 stückes seine Anwendung finden. Die über dem Haltetone auf¬
179 788 1184 828 tretenden consonirenden oder dissonirenden Accorde können nun
186 828 1184 870 einer und derselben Tonart angehören (1), oder auch chroma¬
178 874 1180 923 tische Töne benutzen (2, 3). Der Halteton trägt sogar eine
173 912 1179 955 Folge von verschiedenen Modulationen, sobald er nur beim
182 957 1182 1003 Ausgange des Orgelpunctes eine verständliche har¬
173 996 1184 1040 monische Bedeutung erlangt, sei es nun als Ton eines con¬
182 1035 1184 1098 sonirenden (2) oder dissonirenden Accordes (1), oder als Vor¬
172 1080 592 1134 haltsdissonanz, wie bei 3.
158 1807 1176 1852 Können nun, wie wir gesehen haben, auch zwei Haltetöne
165 1852 1174 1899 gleichzeitig auftreten, so dürfen diese auch nach einander oder
