1373 2174
679 195 735 244 22
206 284 1206 330 in der geraden oder der Gegenbewegung benutzt werden: 7, 8,
209 331 1207 378 9; chromatische Töne in Anwendung bringen: 5, und durch
211 363 1209 411 Vorschläge verziert werden: 8. Es können zwar der Durch¬
209 413 1199 459 gangstöne mehrere, stufenweise neben einander liegende auf¬
214 454 1211 502 treten, doch werden sie stets, wie alle Dissonanzen, melodisch
215 495 1213 539 auf oder abwärts schreitend in einen Accordton übergehen
214 539 1214 579 müssen. Das Beispiel 6 bildet davon keine Ausnahme, denn
215 580 1207 626 eine Stimme übernimmt hier springend gleichsam die bei¬
217 620 1207 668 den oberen Stimmen des folgenden Beispiels 6 a. Den
217 663 1204 707 Vorschlägen gleich trüben auch Durchgangstöne die Harmonie
208 708 1204 749 eines bestimmten Accordes am wenigsten, wenn sie auf leichten
210 747 1204 794 Tacttheilen oder in schnellerer Bewegung erscheinen. Ebenso
207 790 1208 840 schreiten Durchgangstöne williger aus einem auf ihrem Aus¬
213 836 1207 885 gangspuncte liegen bleibenden Tone heraus, wie bei 1 und
211 876 1207 923 2, als in einen in ihrem Zielpuncte liegenden Ton hinein,
213 916 478 963 wie bei 3 und 4.
