1379 2171
695 212 718 254 4
207 292 1220 338 und mehr vergrößert. Unsere weitere Aufgabe wird es also
218 347 1216 387 vorzüglich sein, die Berechtigung der bisher noch nicht erklärten
217 379 1217 424 Dissonanzen darzuthun und deren natürliche Grenzen festzu¬
215 424 327 475 stellen.
298 468 1210 507 Ueber die praktische Anwendung der Consonanzen aber
214 508 1213 555 haben wir vorher noch Folgendes zu bemerken. Da ein jeder
217 555 1210 603 consonirende Zusammenklang eine entschiedene Selbstständigkeit
209 596 1212 635 in sich trägt, so kann auch sein Auftreten und das Fortschreiten
209 636 1212 682 der verschiedenen ihn bildenden Stimmen keinen unbedingten
217 675 1211 731 Zwangsregeln unterworfen sein. Mehrere Stimmen können
217 721 1206 770 also mit einem Einklange, mit einer Octave, mit einer Quinte,
215 764 1209 811 Terze oder Sexte und deren Verdopplungen in höheren Octaven,
215 804 1204 850 oder aber mit einem Dreiklange in jeder seiner verschiedenen
213 847 1208 891 Lagen frei auftreten, sie können aus einer Consonanz in eine
208 892 1203 944 jede andere übergehen, nur sollen, den früheren Regeln nach,
209 915 1210 985 parallele Einklänge, Octaven und Quinten gänzlich vermieden
209 979 1209 1019 werden, und zwei Stimmen in gerader Bewegung nur unter
207 1028 1210 1074 gewissen Bedingungen in eine der genannten Consonanzen
211 1060 382 1115 übergehen.
296 1100 1207 1147 Wenn in einem mehrstimmigen Satze zwei oder mehr
213 1143 1201 1187 Stimmen im Einklange oder in Octaven mit einander fort¬
216 1188 1209 1237 schreiten, so geben sie ihre harmonische Selbstständigkeit auf,
217 1234 1210 1279 ohne daß dadurch ein Mißklang entstehen könnte. Geht in
215 1271 1206 1314 einem vierstimmigen Satze z. B. der Sopran mit dem Tenor
203 1316 1206 1357 und der Alt mit dem Baß in Octaven einher, so wird aus dem
207 1363 1210 1410 vierstimmigen ein verdoppelter zweistimmiger Satz; geht ebenso
209 1401 1196 1443 der Sopran mit dem Tenor in Octaven, während Alt und
208 1444 1203 1483 Baß ihre harmonische Selbstständigkeit bewahren, so wird da¬
214 1483 1197 1539 durch der vierstimmige zum dreistimmigen, mit einer verdoppel¬
212 1532 1205 1571 ten Stimme versehenen Satze; gehen aber ebenso Sopran und
209 1572 1201 1617 Baß in Octaven, während Alt und Tenor eine eigene Selbst¬
214 1612 1208 1660 ständigkeit behaupten, so wird das harmonische Gebäude, dessen
208 1652 1198 1704 Schwerpunct nun in der Basis und im Gipfel zugleich liegt,
201 1707 1203 1747 wankend und haltlos erscheinen. Doch kann ein absoluter
203 1740 1204 1786 Mißklang auch dadurch nicht hervorgebracht werden, ein solches
208 1782 1204 1826 Schwanken oder Emporheben der Basis oft sogar höchst wir¬
204 1828 1200 1867 kungsvoll angewendet werden. Ich erinnere hier nur an der¬
201 1876 1201 1915 gleichen Octavenparallelen des vierstimmigen Canons in
