1346 2163
628 178 706 229 36
255 260 1164 306 Ja, sollte die Dissonanz nicht zuweilen, gleich den soeben
166 308 1155 356 aufgestellten Fragen, die Antwort schuldig bleiben können,
170 344 1165 396 wenn dieselbe nur in dem Folgenden verdeckt enthalten ist,
161 388 398 443 wie hier z. B.
661 389 1162 435 F. Liszt, Huldigungs-Marsch.
165 754 1169 802 wo dem Dominantseptimenaccorde c e g b die Auflösung in
162 797 1167 835 den F dur-Dreiklang, dem verminderten Septimenaccorde gis
168 835 1171 883 h d f die Auflösung in den A moll-Dreiklang, jedoch mit freiester
162 882 1041 931 Stimmenführung der dissonirenden Harmonien, folgt?
254 923 1166 962 Ueber die Auflösung des Septimenaccordes ist Folgendes
162 969 1163 1011 zu bemerken. In einer bestimmten Tonart bleibend wird, wie
169 1004 1173 1057 schon erwähnt, die Septime sich nicht melodisch steigend, der
167 1049 1168 1090 Grundton nicht stufenweise fallend auflösen können, weil in
164 1092 1165 1134 beiden Fällen ein schon vorhandener Ton verzögert werden
169 1133 1171 1179 würde; wol aber wird die Septime stufenweise fallen, der
174 1175 1160 1219 Grundton ebenso steigen können, während Terze und Quinte
171 1226 1164 1275 am natürlichsten melodisch in den folgenden Accord übergehen,
171 1259 1172 1307 oder als demselben ebenfalls eigene Töne liegen bleiben, oder
171 1300 1162 1354 wie alle nicht vorhaltenden Töne eine freie Fortschreitung
170 1348 1170 1387 nehmen. Ein jeder Septimenaccord, der keine chromatischen
174 1388 1171 1434 Töne benutzt, wird sich demgemäß, in einer bestimmten Tonart
166 1435 1162 1483 bleibend, jederzeit in diejenigen Dreiklänge auflösen können,
164 1475 1172 1531 welche in ihm nicht schon vorhanden sind, deren Verzögerung
174 1522 973 1571 er also gleichzeitig nicht übernehmen könnte; z. B.
