1375 2171
665 188 733 235 26
204 276 1202 325 hinaufsteigende Septimenvorhalt (s. 7, 8), in welchen Fällen
203 317 1195 363 die tiefste Stimme eine genugsam feste Basis bildet, um die
206 359 1207 403 Erscheinung ihres in höherer Lage gleichzeitig verzögerten
200 404 632 459 Tones ertragen zu können.
287 1253 1193 1299 In den folgenden Beispielen ist nun bald der Grundton,
199 1291 1200 1339 bald die Terze, die Quinte, oder gleichzeitig mehrere dieser
199 1340 1200 1380 Töne eines Dreiklanges durch melodisch herabsteigende, und
198 1380 1204 1429 sodann auch durch ebenso hinaufsteigende Vorhaltsdissonanzen
193 1421 491 1475 verzögert worden.
445 1587 955 1635 Melodisch herabsteigende Vorhalte.
