1368 2169
629 195 707 243 45
154 500 1164 554 In Nr. 2 sollte sich der Ton C als Vorhalt der Terze des
169 544 1163 597 folgenden Accordes erweifen, er springt aber in den Grundton
166 588 1164 643 des letzteren, und giebt somit eine verdeckte Auflösung, statt
157 628 456 683 der regelmäßigen.
396 763 932 816 Folgen von Septimenaccorden.
248 836 1164 883 Eine Folge gebundener Septimenaccorde einer bestimmten
164 884 428 935 Tonart entsteht:
257 924 1168 972 1) wenn die vorbereitete Septime eines Accordes ihre
163 966 1162 1019 regelmäßige Auflösung nimmt, die übrigen Stimmen aber auf
168 1012 1170 1051 ihrer Stelle verharren; sie wird sodann Grundton eines neuen
170 1052 1162 1101 Septimenaccordes, der nun eine ähnliche Fortschreitung neh¬
170 1091 436 1146 men kann; z. B.
253 1372 1162 1427 2) wenn die Quinte und die Septime eines Accordes sich
173 1417 1167 1465 stufenweise abwärts bewegen, während die anderen Stimmen
168 1459 1161 1506 ihre Stelle nicht verlassen; sie bilden alsdann Grundton und
162 1509 1166 1554 Terze eines neuen Septimenaccordes, dessen ähnliche Schritte
170 1544 914 1595 eine ähnliche Folge hervorrufen können; z. B.
257 1812 1173 1860 3) wenn die Terze, Quinte und Septime eines Septimen¬
164 1860 1171 1907 accordes (also der obere Dreiklang desselben) sich in einer sol¬
