1361 2175
648 195 709 244 62
177 532 1189 579 Es wäre nicht zu rathen, ein Tonstück mit vielen solcher scharfen
185 572 1189 617 Dissonanzen anzufüllen, namentlich würden dieselben in Vocal¬
180 616 1194 659 compositionen, aus oben angeführten Gründen, zu vermeiden
192 660 1183 710 sein, aber so wenig man das Roth als zu grell hervorstechend
182 707 1188 756 aus der Malerei gänzlich verbannen würde, ebenso wenig wird
182 740 1192 787 man einen haltbaren Grund auffinden können, jene schroff und
190 786 1182 832 seltsam klingenden Harmonien gänzlich zu verwerfen. Wie ge¬
190 832 1189 878 fährlich es wäre, dem Schüler die unbeschränkte Benutzung
188 866 1189 922 solcher scharfen Dissonanzen frei zu geben, braucht hier wol
189 912 1195 955 nicht erst bemerkt zu werden. Dem Meister aber darf kein
192 955 1197 1002 seinem Zwecke entsprechendes Mittel einer befangenen Theorie
185 1004 570 1051 wegen entzogen werden.
274 1036 1191 1083 Mit der hier aufgestellten Theorie der hinauf- und herab¬
194 1082 1191 1127 schreitenden Vorhalte und chromatischen Verzögerungen ist nun
185 1124 1197 1179 die Möglichkeit der Bildung einer unendlich großen Anzahl
185 1172 1199 1211 neuer Accorde und Zusammenklänge eröffnet. Wie aber der
191 1207 1200 1250 Tonsetzer die Verantwortung seiner neugeschaffenen Melodien
189 1252 1199 1299 auf sich nimmt, so hat er auch seine neu gebildeten Harmo¬
191 1293 1192 1346 nien zu vertreten. Ein Tonstück wird sich um so reiner und
190 1340 1190 1390 edler gestalten, je mehr die consonirenden Dreiklangsharmonien
194 1379 1191 1427 und die der Tonart eigenen gebundenen Vorhalte in demselben
191 1421 1193 1461 vorherrschen; aber wie der Zweck der Tonkunst nicht ein rein
199 1460 1196 1503 sinnlicher Ohrenkitzel, ein gedankenloses Schwelgen in wol¬
189 1501 1196 1554 lüstigen Wohlklängen sein kann, so sollen auch nicht alle Mittel,
193 1548 1192 1589 deren sie sich zu ihrem wahren Zwecke, innere Seelenzu¬
195 1587 1195 1643 stände treu und wahr zu schildern, bedient, nur in ange¬
195 1628 1197 1675 nehm, weich oder schwülstig klingenden Melodien und Harmo¬
193 1676 1193 1726 nien bestehen. Die Qual des an den Felsen geschmiedeten, den
201 1716 1196 1763 Göttern trotzenden Titanen verlangt einen anderen Ausdruck,
197 1756 1199 1802 als das Leiden des am Kreuze schmachtenden, gottergebenen
193 1798 1194 1850 Heilandes. Es muß also dem wohlleitenden Gefühle des be¬
189 1851 1202 1891 gabten Tonsetzers überlassen bleiben, seinen Melodien einen
