1365 2170
628 195 697 242 43
164 549 1164 602 In den vorstehenden Beispielen ist dergestalt bald die Terze,
158 593 1160 634 Quinte oder Septime, bald mehrere dieser Töne eines Sep¬
160 635 1161 683 timenaccordes gleichzeitig verzögert worden, bei 3, 5 und 7
164 683 1164 731 aber wird dieser Accord durch gebundene Confonanzen, bei 8
157 723 913 763 durch einen übermäßigen Dreiklang vorbereitet.
249 763 1158 811 Diesen melodisch herabsteigenden mögen hier noch die
156 804 1160 850 ebenso hinaufschreitenden Verzögerungen der Terze,
163 848 1159 890 Quinte und Septime eines Septimenaccordes folgen, mit dem
158 892 1162 931 Bemerken, daß auch hier gleichzeitig steigende und fallende Vor¬
158 932 1158 981 halte anzuwenden sind; vor einem seiner Töne jedoch nur,
157 975 1153 1026 wenn die Auflösung des Septimenaccordes die Verdopplung
152 1019 445 1067 desselben erlaubt.
236 1279 1158 1323 Wie in den vorstehenden Beispielen das Auftreten, so
155 1324 1155 1371 kann unter gleichen Bedingungen auch die Auflösung des
160 1364 1148 1410 Septimenaccordes verzögert werden; so bekommen in den fol¬
158 1409 1150 1456 genden Beispielen bald der Grundton, bald die Terze des Drei¬
154 1451 1152 1499 klanges, in welchen der Septimenaccord übergeht, bald beide
157 1499 1106 1546 gleichzeitig einen Vorhalt oben, unten, oder oben und unten.
