1387 2167
423 483 962 559 Erklärende Erläuterung
657 620 730 667 und
234 738 1145 812 musikalisch-theoretische Begründung
662 867 726 907 der
188 972 1194 1013 durch die neuesten Kunstschöpfungen bewirkten Umgestaltung und
467 1019 919 1075 Weiterbildung der Harmonik.
633 1164 1157 1196 „Dicemo adunque, che quantunque la scienza
597 1195 1163 1221 della Musica habbia avuto origine dal senso
600 1219 1165 1252 dell’udito — non è perciò da dar questo ufficio di
603 1244 1158 1275 giudicare al sentimento solamente nelle cose
599 1275 1158 1299 dei suoni e delle voci: ma li dovemo accom¬
601 1299 1163 1327 pagnar sempre la ragiono. Ne meno si debbe
595 1325 1158 1351 dare tal giuditio tutto alla ragione, lassando
600 1349 1160 1378 da parte il senso: perciochè l’uno senza l'altro
595 1375 1069 1403 potrà sempre essere cagione di errore.”
862 1403 1139 1443 Gioseffo Zarlino, 1559.
