1368 2173
665 203 688 251 7
182 284 1177 331 f—c eine große Quinte u. s. f. Die Umkehrung dieser Ton¬
177 332 1184 379 verhältnisse giebt kleine Intervalle: g—f eine kleine Septime,
190 382 1192 420 a—f eine kleine Sexte, h—f eine kleine Quinte, c—f eine kleine
186 412 1191 458 Quarte u. s. f., denn aus der Umkehrung eines jeden großen
187 460 1192 507 Intervalles entsteht ein kleines, aus der Umkehrung eines jeden
189 499 1189 547 übermäßigen ein vermindertes Intervall und ebenso umgekehrt.
274 544 1225 586 Außer den beiden mit dem Hauptdreiklange durch je einen
189 588 1196 636 gemeinschaftlichen Ton verbundenen Dominantaccorden
189 627 1184 675 F a C und G h D, deren Grundtöne mit der Tonica quint¬
190 667 1193 716 verwandt sind, erscheinen in der Durtonart noch zwei mit
189 714 1190 756 dem tonischen durch je zwei gemeinschaftliche Töne verbundene
193 755 1193 802 kleine oder Moll-Dreiklänge a C e und e G h, deren
193 796 982 843 Grundtöne mit der Tonica terzverwandt sind:
192 942 1202 986 Mit dem Hauptdreiklange unverbunden finden sich noch vor
186 986 1186 1027 der „kleine Dreiklang”: D F a und der sogenannte „vermin¬
192 1028 1195 1069 derte Dreiklang”: h D F. Der letztere ist wegen der
188 1068 1195 1114 kleinen Quinte h—F, welche nicht zu den Consonanzen gehört,
189 1111 1200 1156 dissonirend. Die Verbindung der kleinen Terze und kleinen
185 1156 1190 1195 Quinte aber bildet eine so weiche Dissonanz, daß sowol dieser
191 1195 1198 1242 Dreiklang, als alle diejenigen Septimenaccorde, in denen er
189 1243 1196 1290 enthalten ist, jederzeit frei auftreten dürfen, während härtere
185 1281 1192 1323 Dissonanzen, namentlich in der Vocalmusik, einer Vorberei¬
187 1323 427 1383 tung bedürfen.
282 1364 1200 1411 Um die Durtonart weicher zu stimmen, wird häufig statt
191 1406 1195 1451 des großen Unterdominantdreiklanges der kleine, und zu dessen
185 1452 1030 1492 Bildung sodann ein chromatischer Ton (as) benutzt:
188 1587 1193 1635 Da wir aber nur die Schritte eines Ganz- oder Halbtones
187 1643 1199 1691 als melodische, alle übrigen aber als harmonische
193 1675 1195 1722 Schritte erkennen, so bildet die Tonleiter dieser „weicheren
185 1717 423 1763 Durtonart”
191 1820 1202 1866 des Sprunges von as zu h wegen, keine zusammenhängende
186 1871 1201 1915 melodische Folge, und während eine diatonische Tonleiter zu
