1383 2171
692 188 731 235 2
207 282 1210 322 und festzustellen, welche geeignet wäre, den Melodien und Har¬
210 323 1205 367 monien eines kunstgerechten Musikstückes zu Grunde zu liegen.
203 355 1204 410 Nächstverwandte Töne stehen zu einander in dem Verhältniß
208 402 1214 444 einer Octave oder einer Quinte. Bei einer fortgesetzten Reihe
203 444 1211 486 von Octaven erkennen wir stets dieselben, nur in höheren oder
212 500 1210 548 tieferen Lagen erscheinenden Töne: $$GRAPHIC. Eine ebenso
207 547 1208 595 fortgesetzte Reihe von Quinten aber giebt uns das folgende,
215 596 1204 642 aus unter einander verwandten, verschiedenen Tönen bestehende
209 629 396 683 Tonsystem:
213 828 1211 875 Bis ins Unendliche fortgesetzt, könnte diese Reihe von reinen
206 877 1201 916 Quinten (3:2) dennoch niemals einen Ton erscheinen lassen,
209 920 1205 963 der zu einem der vorhergehenden in dem Verhältnisse einer rei¬
211 971 1216 1002 nen Octave (2:1) stände. Ein mit feststehenden Tönen ver¬
215 1004 1212 1053 sehenes Instrument, wie etwa die Orgel oder das Clavier,
214 1052 1213 1091 müßte nun dem obigen Systeme nach in jeder seiner Octaven
213 1091 1213 1139 35 verschiedene Töne enthalten, ohne daß dadurch zugleich eine
218 1129 1209 1175 Reihe von reinen Octaven gewonnen wäre, denn weder der Ton
213 1171 1216 1219 his, noch der Ton deses würde die reine Octave des Tones C
211 1221 1216 1264 ergeben, und ebensowenig würden die Töne fisis oder asas zu
220 1259 1220 1299 dem Tone G in dem Verhältnisse von 2:1 stehen u. s. f. Da
215 1300 1220 1346 aber ein jedes praktisch brauchbare System in einer bestimmten
212 1340 1218 1388 Abgrenzung erscheinen muß, so begnügt sich die heutige Ton¬
206 1386 1210 1427 kunst mit einem Systeme von 12 verschiedenen Tönen in der
210 1427 1215 1467 Octave, indem sie eine gleichschwebende Temperatur der obigen
211 1475 1211 1521 Quintenfolge bei durchgängig reinen Octaven zu Grunde legt,
215 1515 1209 1555 wobei die obenstehenden „enharmonischen Töne”: his, C und
212 1555 1216 1595 deses, ebenso hisis, cis und des u. s. f. wie bei einem wohl¬
210 1596 1183 1644 temperirten Claviere als gleichklingend angenommen werden.
