1379 2178
679 211 743 250 20
587 371 820 435 Dissonanzen.
301 459 1218 507 Die Dissonanz ist die melodische Verzögerung einer
216 500 1214 547 Consonanz und muß als solche jederzeit stufenweise auf- oder
218 547 1204 594 abwärts schreitend in die letztere übergehen. Wird das Ohr
215 595 1209 643 welches eine solche „Auflösung” der Dissonanz erwartet,
206 627 1207 686 getäuscht, indem diese zwar melodisch fortschreitet, dabei aber
214 674 1215 715 in eine neue Dissonanz tritt, so entsteht eine „Trugfort¬
216 715 1212 762 schreitung”. Wir unterscheiden bei den Dissonanzen: Vor¬
215 757 1212 810 schläge, Durchgangstöne, Vorausnahmen, gebundene Vorhalte,
216 802 1210 843 dissonirende Dreiklänge, frei auftretende und gebundene Sep¬
212 844 1210 891 timenaccorde und endlich Septimenaccorde über einem oder über
208 884 560 940 mehreren Haltetönen.
613 973 791 1034 Vorschläge.
295 1060 1214 1106 Vorschläge sind melodische Verzierungen eines Accord¬
207 1108 1207 1155 tones; sie können diesem unten, oben, oder unten und oben bei¬
216 1154 1207 1200 gegeben werden; s. u. 1, 2, 3, 4. Bei längerem Anhalten,
212 1199 1205 1242 wie z. B. bei 5, beunruhigen sie das Ohr mehr, als bei schnelle¬
214 1235 1205 1281 rem Verschwinden, wie in den diesem vorangehenden Beispielen,
210 1276 1210 1323 besonders wenn der verzögerte Accordton gleichzeitig in einer
218 1320 1205 1372 anderen Stimme schon vorhanden ist. Das Beispiel 6 ist
213 1361 1212 1402 daher wohlklingender, als das bei 5. Auf unaccentuirten
211 1403 1212 1450 Tacttheilen aber können auch die Vorschläge längerer Dauer
212 1446 1200 1498 ohne Bedenken Anwendung finden, da sie hier weniger kräftig
214 1487 1216 1533 hervortreten als auf accentuirten; s. 7 und 8. Im letzteren
210 1532 1212 1571 Beispiele sind zugleich chromatische Töne zu Vorschlägen, deren
214 1574 1212 1623 hier auch in zwei und in drei Stimmen gleichzeitig vor einem
206 1620 1138 1659 und vor mehreren Accordtönen erscheinen, benutzt worden.
