1372 2170
642 188 686 241 15
161 548 1173 586 Ebenso klingt die Verdopplung des Grundtones des verminder¬
168 594 1167 635 ten Dreiklanges, auch wenn er nicht als Leiteton erscheint, wie
164 636 1174 675 hier im ersten Beispiele, schärfer als die seiner Terze und
164 675 1175 721 Quinte, wie denn dieser Accord überhaupt in der Terzsextlage
174 716 554 763 am wohlklingendsten ist.
269 812 1068 859 Verwandtschaft der Accorde und der Tonarten.
259 876 1178 923 Die bisher betrachteten consonirenden Accorde und deren
166 928 1170 972 natürlichste Fortschreitungen gehören der classischen sowol wie
166 966 1175 1011 der romantischen Tonkunst, der Vocal- und der Instrumental¬
168 1008 1171 1053 musik an; unserer Aufgabe gemäß hatten wir deßhalb nicht
178 1052 1180 1090 nöthig, eine ausführliche Begründung der dahin gehörenden
174 1092 1172 1146 Gesetze zu geben. Jetzt aber schreiten wir zur Beantwortung
176 1134 1178 1179 der Frage: Mit welchem Rechte läßt die neuere Tonkunst zu¬
177 1179 1171 1219 weilen Accorde auf einander folgen, die nicht einer und dersel¬
178 1220 1179 1266 ben Tonart, sondern oft den von einander entferntesten Ton¬
177 1262 1173 1306 arten angehören? Aus der folgenden Untersuchung wird
170 1304 1179 1346 hervorgehen, daß die Verzweigung der Accorde sowol wie die
171 1348 1171 1394 der Tonarten einen so weiten Umfang einnimmt, daß zwischen
172 1388 1180 1441 zwei mit natürlicher Stimmenführung auf einander folgenden
173 1439 1182 1483 consonirenden Dreiklängen stets eine innere Verbindung oder
176 1475 807 1521 Verwandtschaft nachzuweisen sein wird.
262 1517 1176 1562 Die Verwandtschaft der Tonarten nach Graden ist die¬
173 1556 1174 1610 jenige, wo die größte Aehnlichkeit derselben in ihren Stamm¬
173 1596 1173 1642 tönen als maßgebend betrachtet wird. So ist die C dur- von
173 1644 1180 1685 der G dur-Tonart um einen Grad entfernt, weil in beiden der
172 1684 1174 1731 Unterschied derselben nur in einem Tone besteht. Ebenso ver¬
182 1731 1176 1776 hält sich die C dur- zur F dur-Tonart, ferner die A moll- zur
177 1771 1175 1818 E moll- und zur D moll-Tonart, während die gleiche Stamm¬
174 1815 1179 1858 töne zeigenden Paralleltonarten, wie C dur und A moll, als
169 1861 1172 1907 das männliche und weibliche Princip eines und desselben Ver¬
