<?xml version="1.0" encoding="UTF-8" standalone="yes"?>
<PcGts xmlns="http://schema.primaresearch.org/PAGE/gts/pagecontent/2013-07-15" xmlns:xsi="http://www.w3.org/2001/XMLSchema-instance" xsi:schemaLocation="http://schema.primaresearch.org/PAGE/gts/pagecontent/2013-07-15 http://schema.primaresearch.org/PAGE/gts/pagecontent/2013-07-15/pagecontent.xsd">
    <Metadata>
        <Creator>prov=University of Rostock/Institute of Mathematics/CITlab|PLANET AI GmbH/Gundram Leifert/gundram.leifert@planet-ai.de:name=ONB_Newseye_GT_M1+(htr_id=10810)::::v=2.6.7
prov=University of Rostock/Institute of Mathematics/CITlab|PLANET AI GmbH/Tobias Gruening/tobias.gruening@planet-ai.de:name=de.uros.citlab.module.baseline2polygon.B2PSeamMultiOriented:v=2.6.7
prov=University of Rostock/Institute of Mathematics/CITlab|PLANET AI GmbH/Tobias Gruening/tobias.gruening@planet-ai.de:name=/net_tf/LA73_249_0mod360.pb:de.uros.citlab.segmentation.CITlab_LA_ML:v=2.6.7
Transkribus</Creator>
        <Created>2021-02-19T15:11:50.524+01:00</Created>
        <LastChange>2021-03-29T20:18:12.505+02:00</LastChange>
        <TranskribusMetadata docId="614265" pageId="24399916" pageNr="54" tsid="54538318" status="DONE" userId="74363" imgUrl="https://files.transkribus.eu/Get?id=VATXYHQSCJMNCCKXTIUKNRXQ&amp;fileType=view" xmlUrl="https://files.transkribus.eu/Get?id=QBWQPTKDLATOFQZXJZNPGSIC" imageId="18780682"/>
    </Metadata>
    <Page imageFilename="Weitzmann_1860_Harmoniesystem-0054.jpg" imageWidth="1359" imageHeight="2169" type="content">
        <ReadingOrder>
            <OrderedGroup id="ro_1624196441609" caption="Regions reading order">
                <RegionRefIndexed index="0" regionRef="TextRegion_1614166000667_962"/>
                <RegionRefIndexed index="1" regionRef="region_1617041859575_594"/>
                <RegionRefIndexed index="3" regionRef="TextRegion_1614166024282_967"/>
            </OrderedGroup>
        </ReadingOrder>
        <TextRegion orientation="0.0" type="page-number" id="TextRegion_1614166000667_962" custom="readingOrder {index:0;} structure {type:page-number;}">
            <Coords points="173,218 1170,218 1170,266 173,266"/>
            <TextLine id="r1l1" custom="readingOrder {index:0;}">
                <Coords points="648,251 673,248 678,251 691,251 704,238 715,241 715,215 706,215 693,204 647,204"/>
                <Baseline points="654,240 681,238 709,239"/>
                <TextEquiv>
                    <Unicode>39</Unicode>
                </TextEquiv>
            </TextLine>
            <TextEquiv>
                <Unicode>39</Unicode>
            </TextEquiv>
        </TextRegion>
        <TextRegion id="region_1617041859575_594" custom="readingOrder {index:1;} structure {type:missing;}">
            <Coords points="185,289 1149,289 1149,460 185,460"/>
        </TextRegion>
        <MusicRegion id="Music_1614166045074_974" custom="readingOrder {index:2;} structure {type:floating;}">
            <Coords points="173,473 1170,473 1170,1275 173,1275"/>
        </MusicRegion>
        <TextRegion orientation="0.0" type="paragraph" id="TextRegion_1614166024282_967" custom="readingOrder {index:3;} structure {type:paragraph;}">
            <Coords points="173,1275 1170,1275 1170,1928 173,1928"/>
            <TextLine id="r1l53" custom="readingOrder {index:0;}">
                <Coords points="264,1355 1169,1351 1169,1316 1091,1307 264,1309"/>
                <Baseline points="270,1342 314,1342 359,1341 403,1341 448,1341 493,1341 537,1341 582,1341 626,1341 671,1341 716,1341 760,1341 805,1342 849,1342 894,1342 939,1342 983,1342 1028,1342 1072,1342 1117,1342 1162,1342"/>
                <TextEquiv>
                    <Unicode>In allen diesen Beispielen nimmt der Dominantseptimen¬</Unicode>
                </TextEquiv>
            </TextLine>
            <TextLine id="r1l54" custom="readingOrder {index:1;} textStyle {offset:17; length:14;fontSize:0.0; kerning:0; letterSpaced:true;}">
                <Coords points="180,1395 1173,1395 1174,1357 181,1362"/>
                <Baseline points="187,1385 236,1384 285,1384 334,1384 383,1384 432,1384 481,1384 530,1384 579,1384 628,1385 677,1385 726,1385 775,1385 824,1385 873,1385 922,1385 971,1385 1020,1385 1069,1385 1118,1385 1167,1384"/>
                <TextEquiv>
                    <Unicode>accord nur seine Hauptauflösung, nämlich die in den</Unicode>
                </TextEquiv>
            </TextLine>
            <TextLine id="r1l55" custom="readingOrder {index:2;}">
                <Coords points="172,1436 1175,1434 1175,1404 1049,1388 638,1416 172,1389"/>
                <Baseline points="179,1427 228,1427 278,1427 327,1426 377,1426 426,1426 476,1426 525,1426 575,1426 624,1427 674,1427 723,1427 773,1427 822,1427 872,1427 921,1427 971,1427 1020,1427 1070,1427 1119,1427 1169,1427"/>
                <TextEquiv>
                    <Unicode>Hauptdreiklang der Tonart, zu welcher er gehört. Er kann</Unicode>
                </TextEquiv>
            </TextLine>
            <TextLine id="r1l56" custom="readingOrder {index:3;}">
                <Coords points="175,1487 1174,1482 1149,1436 175,1436"/>
                <Baseline points="181,1471 230,1471 279,1470 328,1470 378,1469 427,1469 476,1469 526,1469 575,1468 624,1468 674,1468 723,1469 772,1469 821,1469 871,1469 920,1469 969,1469 1019,1469 1068,1469 1117,1470 1167,1470"/>
                <TextEquiv>
                    <Unicode>jedoch, wie wir gesehen haben, in seiner Tonart bleibend in</Unicode>
                </TextEquiv>
            </TextLine>
            <TextLine id="r1l57" custom="readingOrder {index:4;}">
                <Coords points="176,1526 1168,1520 1150,1478 176,1486"/>
                <Baseline points="182,1512 231,1512 280,1512 329,1511 378,1511 427,1511 476,1511 525,1511 574,1511 623,1511 672,1511 721,1511 770,1511 819,1511 868,1512 917,1512 966,1512 1015,1512 1064,1512 1113,1512 1162,1512"/>
                <TextEquiv>
                    <Unicode>fünf, aus seiner Tonart heraustretend aber in alle Drei¬</Unicode>
                </TextEquiv>
            </TextLine>
            <TextLine id="r1l58" custom="readingOrder {index:5;}">
                <Coords points="166,1562 1177,1560 1057,1517 166,1527"/>
                <Baseline points="173,1555 222,1555 272,1555 322,1554 372,1554 422,1554 472,1554 521,1553 571,1553 621,1553 671,1553 721,1553 771,1553 821,1554 870,1554 920,1554 970,1554 1020,1554 1070,1554 1120,1555 1170,1555"/>
                <TextEquiv>
                    <Unicode>klänge, mit Ausnahme von denjenigen übergehen, deren Quinten</Unicode>
                </TextEquiv>
            </TextLine>
            <TextLine id="r1l59" custom="readingOrder {index:6;}">
                <Coords points="175,1610 1170,1603 1151,1565 175,1564"/>
                <Baseline points="181,1598 230,1597 279,1597 328,1596 377,1596 426,1596 475,1596 525,1596 574,1596 623,1596 672,1596 721,1597 770,1597 819,1597 869,1597 918,1597 967,1597 1016,1596 1065,1596 1114,1595 1164,1594"/>
                <TextEquiv>
                    <Unicode>denen der Dreiklänge gleich kommen, welchen er seine Erschei¬</Unicode>
                </TextEquiv>
            </TextLine>
            <TextLine id="r1l60" custom="readingOrder {index:7;}">
                <Coords points="175,1651 1174,1650 1174,1612 1125,1610 175,1612"/>
                <Baseline points="182,1640 231,1640 280,1640 329,1639 379,1639 428,1639 477,1639 527,1639 576,1639 625,1639 675,1639 724,1639 773,1639 822,1639 872,1639 921,1640 970,1640 1020,1640 1069,1640 1118,1640 1168,1639"/>
                <TextEquiv>
                    <Unicode>nung verdankt. So kann der Dominantseptimenaccord der</Unicode>
                </TextEquiv>
            </TextLine>
            <TextLine id="r1l61" custom="readingOrder {index:8;}">
                <Coords points="181,1714 1172,1700 1172,1676 1087,1660 181,1668"/>
                <Baseline points="187,1700 238,1699 290,1699 341,1698 393,1698 444,1698 496,1698 547,1698 599,1698 650,1698 702,1698 753,1698 805,1698 856,1698 908,1698 959,1698 1011,1698 1062,1697 1114,1697 1166,1696"/>
                <TextEquiv>
                    <Unicode>C dur-Tonart $$GRAPHIC sich nicht in den G dur-, G moll-, Bdur-</Unicode>
                </TextEquiv>
            </TextLine>
            <TextLine id="r1l62" custom="readingOrder {index:9;}">
                <Coords points="179,1771 1151,1779 1166,1730 179,1733"/>
                <Baseline points="186,1759 234,1759 283,1759 332,1759 380,1759 429,1759 478,1758 526,1758 575,1758 624,1758 673,1758 721,1758 770,1758 819,1758 867,1758 916,1758 965,1758 1013,1758 1062,1758 1111,1758 1160,1758"/>
                <TextEquiv>
                    <Unicode>und B moll-Dreiklang, wohl aber in alle übrigen Dreiklänge</Unicode>
                </TextEquiv>
            </TextLine>
            <TextLine id="r1l63" custom="readingOrder {index:10;}">
                <Coords points="172,1811 855,1823 1153,1810 1167,1779 172,1780"/>
                <Baseline points="179,1803 228,1803 277,1802 326,1802 375,1801 424,1801 473,1801 522,1801 571,1801 620,1801 669,1801 718,1801 767,1801 816,1801 865,1801 914,1801 963,1801 1012,1800 1061,1800 1110,1800 1160,1800"/>
                <TextEquiv>
                    <Unicode>auflösen, wenn wir seinen Stimmen dabei zuweilen einen chro¬</Unicode>
                </TextEquiv>
            </TextLine>
            <TextLine id="r1l64" custom="readingOrder {index:11;}">
                <Coords points="174,1851 1166,1851 1166,1820 1126,1812 174,1820"/>
                <Baseline points="180,1846 229,1845 278,1844 327,1844 376,1844 425,1844 474,1844 523,1843 572,1844 621,1844 670,1844 719,1844 768,1844 817,1844 866,1844 915,1844 964,1844 1013,1844 1062,1844 1111,1844 1160,1844"/>
                <TextEquiv>
                    <Unicode>matischen oder, wie unten bei 4 und 15, einen enharmonischen</Unicode>
                </TextEquiv>
            </TextLine>
            <TextLine id="r1l65" custom="readingOrder {index:12;}">
                <Coords points="175,1900 606,1898 605,1860 590,1852 546,1868 175,1852"/>
                <Baseline points="182,1888 208,1889 234,1890 260,1890 286,1890 312,1890 338,1890 364,1890 390,1890 416,1890 442,1889 468,1889 494,1888 520,1887 546,1887 572,1886 599,1885"/>
                <TextEquiv>
                    <Unicode>Uebergang gestatten; z. B.</Unicode>
                </TextEquiv>
            </TextLine>
            <TextEquiv>
                <Unicode>In allen diesen Beispielen nimmt der Dominantseptimen¬&#13;
accord nur seine Hauptauflösung, nämlich die in den&#13;
Hauptdreiklang der Tonart, zu welcher er gehört. Er kann&#13;
jedoch, wie wir gesehen haben, in seiner Tonart bleibend in&#13;
fünf, aus seiner Tonart heraustretend aber in alle Drei¬&#13;
klänge, mit Ausnahme von denjenigen übergehen, deren Quinten&#13;
denen der Dreiklänge gleich kommen, welchen er seine Erschei¬&#13;
nung verdankt. So kann der Dominantseptimenaccord der&#13;
C dur-Tonart $$GRAPHIC sich nicht in den G dur-, G moll-, Bdur-&#13;
und B moll-Dreiklang, wohl aber in alle übrigen Dreiklänge&#13;
auflösen, wenn wir seinen Stimmen dabei zuweilen einen chro¬&#13;
matischen oder, wie unten bei 4 und 15, einen enharmonischen&#13;
Uebergang gestatten; z. B.</Unicode>
            </TextEquiv>
        </TextRegion>
    </Page>
</PcGts>
