1374 2162
632 195 697 235 60
162 274 1170 323 treffendes; die neuere hingegen erkennt in denselben nur zwei
159 324 1175 371 unter verschiedenen Namen auftretende aber gleichklingende
171 356 1170 403 Töne des gleichschwebend temperirten Systemes. So
166 403 1171 455 sieht die letztere in dem bei 1 folgenden Beispiele nur das mit
164 451 1173 498 chromatischen Nebentönen verzierte Beispiel bei 2, während die
159 488 1174 529 ältere Tonkunst jedem der hier zu dem C dur-Dreiklange auf¬
161 531 1170 579 tretenden chromatischen Durchgangstöne fis, cis, gis, dis und
160 580 972 626 ais eine harmonische Bedeutung zu geben versucht.
162 1082 1168 1132 Die ältere Theorie muß demnach die untenstehenden Beispiele
161 1120 1175 1171 von Beethoven und Hauptmann gänzlich verwerfen, weil
168 1164 1170 1215 sie nicht im Stande ist, die hier zusammentreffenden Töne as,
166 1212 1163 1259 cis, e bei 1 und ebenso die bei 2: c, eis, gis, h, d in irgend
162 1252 1170 1299 eine Beziehung mit den Harmonien einer und derselben Tonart
163 1299 1172 1340 zu bringen. Die neuere Theorie aber sieht in dem Zusammen¬
166 1331 1170 1386 klange cis, e, as die regelmäßige chromatische Verzögerung des
167 1373 1167 1422 folgenden Accordes d, f, as über dem Haltetone g, und in dem
160 1417 1173 1458 bei 2: d, c, eis, gis, h eine eben solche Verzögerung des Do¬
161 1467 1166 1513 minantseptimenaccordes d, fis, a, c. Sie findet in dergleichen
163 1499 1171 1545 chromatischen Zusammenklängen demnach jederzeit nur Ver¬
171 1546 1174 1590 schärfungen derjenigen Harmonie, welche erkennbar wird, wenn
160 1587 1164 1626 man ihnen die der Tonart fremden Versetzungszeichen entzieht.
253 1627 1162 1674 Es lassen sich demgemäß sowol Dreiklänge als Sep¬
159 1675 1166 1723 timenaccorde durch Harmonien verzögern, welche weder den
165 1709 1167 1769 früher besprochenen Dreiklängen noch Septimenaccorden zuge¬
167 1757 1171 1803 zählt werden können, sondern eben nur als chromatische
160 1795 1173 1835 Verzögerungen der ihnen folgenden Harmonien ihre Bedeu¬
160 1838 788 1883 tung und Rechtfertigung finden; z. B.
