1373 2170
638 203 717 251 13
268 579 1186 626 Quintenverwandte Dreiklänge haben jederzeit einen Ton
183 619 1174 665 mit einander gemeinschaftlich. Dieser bildet nun die natürlichste
180 664 1183 707 Verbindung solcher Accorde, während zwei Stimmen dabei
178 716 1178 763 melodisch fortschreitend in den folgenden Dreiklang übergehen:
179 1196 1167 1243 Auch diese Accorde bedürfen, der hier ebenfalls auftretenden
171 1243 1164 1292 Quartsextaccorde wegen, der Basirung durch eine vierte Stimme,
170 1286 1173 1331 und diese können sie, wie oben, in dem Grundtone oder in der
174 1325 493 1380 Terze finden; z. B.
242 1692 1174 1739 Die verdeckten Octaven und Quinten sind auch hier, bei natür¬
177 1732 1169 1779 lichster Stimmenführung, sobald der Quintenschritt des Grund¬
179 1779 1166 1827 basses zum Quartenschritte umgekehrt wird, unvermeidlich, und
170 1827 1174 1874 eben deßhalb „erlaubt”; doch ist auch hier eine jede andere
166 1848 982 1915 zweckdienliche Stimmenführung anzuwenden; z. B.
