1456 2228
170 766 1176 826 Der Ton, eine bestimmte Klanghöhe, ist das Material
180 813 1172 859 der Musik. Er wird erzeugt durch einen erzitternden Körper
180 856 1178 898 oder durch eine schwingende Luftsäule, getragen durch die un¬
175 897 1173 948 sichtbaren Schallwellen der Luft, und wir vernehmen ihn mit
172 940 1178 986 dem idealsten unserer Sinne, mit dem Gehöre. Dergleichen
174 983 1174 1035 nicht zur äußerlichen Anschauung gelangenden, nichts äußerlich
169 1027 1176 1068 Anschauliches bezeichnenden Töne als Glieder einer ausdrucks¬
178 1068 1171 1114 vollen und verständlichen Sprache der Innerlichkeit mit ein¬
172 1109 1174 1154 ander zu verbinden, aus solchen flüchtig dahin wallenden Tönen
174 1154 1175 1196 Werke von bestimmtem Inhalte, von schöner Form zu
169 1196 1176 1247 schaffen, ist die Aufgabe der Tonkunst. Melodie, Harmonie
160 1244 1169 1286 und Rhythmus, in unzertrennter Einheit, oder als einzelne
173 1281 1171 1322 Elemente zur Geltung gelangend, sind die Mittel, einem Ton¬
171 1324 1168 1381 stücke eine schöne Form zu geben und seinen Inhalt zum
166 1364 1174 1411 lebendigen, verständlichen Ausdruck zu bringen. Da sich die
164 1408 1166 1459 vorliegenden Blätter aber hauptsächlich die Aufgabe stellen,
163 1452 1166 1497 die Gesetze der in neueren Tonwerken anerkannter praktischer
161 1492 1165 1539 Meister erscheinenden, in früheren theoretischen Werken aber
158 1538 1171 1578 noch nicht erklärten Zusammenklänge und Accordfolgen zu er¬
159 1586 1168 1628 gründen und deren natürliche Grenzen aufzufinden, so können
155 1620 1164 1667 die Lehren der Melodie und des Rhythmus hier nur insofern
159 1661 1160 1708 in Betracht gezogen werden, als sie mit denen der Harmonie
154 1707 775 1762 in Berührung oder Verbindung treten.
563 1772 766 1827 Tonsystem.
246 1828 1171 1875 Unsere erste Aufgabe wird es sein, aus der fast unzähl¬
153 1875 1169 1923 baren Menge von möglichen Tönen eine Reihe auszuwählen
