1375 2174
673 188 738 236 16
198 278 1222 322 wandtschaftsgrades angesehen werden. Lassen wir demnach den
212 316 1208 365 Hauptton einer Dur- oder einer Molltonart um eine Quinte
208 363 1210 414 steigen, so gelangen wir zu dem Haupttone einer in Beziehung
214 404 1214 451 auf die erstere um einen Grad erhöhten Tonart. Lassen wir
205 445 1207 492 ihn ebenso um eine Quinte fallen, so treffen wir hier den Haupt¬
209 488 1210 531 ton einer im Verhältnisse zur ersteren um einen Grad ver¬
198 532 1207 572 tieften Tonart an. Die C dur- ist demzufolge von der D dur¬
203 575 1212 619 oder B dur-Tonart um zwei Grade entfernt. Nun bleiben diese
206 615 1208 658 im zweiten Verwandtschaftsgrade zu einander stehenden Ton¬
202 660 1208 699 arten aber gerade in der Hauptsache, in ihren tonischen Drei¬
197 700 1209 755 klängen, deren Grundtöne in dem dissonirenden Verhältnisse
204 748 1209 786 einer Secunde zu einander stehen, unverbunden, während die
201 788 1202 843 Hauptdreiklänge der Tonarten dritten und vierten Grades sich
199 828 976 874 als verbundene, terzverwandte Accorde erweisen.
279 868 1197 913 Nicht die äußere Aehnlichkeit der Stammtöne, sondern die
192 916 1197 956 Verbindungen des Hauptaccordes werden uns also sichere An¬
194 955 1200 1003 haltepuncte gewähren, gleichzeitig auch die näheren und entfern¬
199 996 1201 1043 teren Verwandten der Tonart zu erforschen. Als nächstver¬
199 1043 1199 1084 wandte Accorde erscheinen uns diejenigen, welche ein und
193 1084 1205 1131 derselben Tonart angehören und von einander nur in einem
198 1123 1198 1170 Tone unterschieden sind: die terzverwandten Accorde. So
193 1171 1197 1218 sind die nächsten Verwandten des C dur-Dreiklanges der A moll-
196 1212 1194 1259 und der E moll-Dreiklang. Eine fernere Verwandtschaft erkennen
190 1253 1192 1299 wir in denjenigen Accorden, welche derselben Tonart angehören
197 1296 1196 1339 und von einander in zwei Tönen unterschieden sind; so der
196 1339 1197 1379 dem C dur-Dreiklange quintverwandte F dur- und G dur-
191 1381 1185 1434 Dreiklang, und mit Hinzuziehung der weicheren Durtonart auch
192 1423 1193 1467 der F moll-Dreiklang. Die auf ähnliche Weise noch mit einem
195 1468 1190 1514 bestimmten Accorde in Verbindung stehenden entfernteren
186 1507 1185 1553 Verwandten finden sich nun nicht mehr in der Tonart des erste¬
183 1556 1184 1595 ren vor; so die dem C dur-Dreiklange noch verbundenen Accorde:
190 1596 1190 1635 der C moll-Dreiklang und die ihm terzverwandten Accorde: der
186 1636 965 1684 A dur-, E dur-, As dur- und Es dur-Dreiklang.
271 1677 1193 1722 Ebenso verwandt wie die hier genannten Accorde werden
190 1719 1181 1771 sich auch die Tonarten erweisen, deren harmonische Grund¬
185 1764 1184 1811 pfeiler sie bilden, indem wir sie zu Hauptdreiklängen erheben.
190 1811 1181 1859 In neuerer Zeit hat man noch einen mystischen Zusammenhang
186 1853 1183 1899 zwischen denjenigen Tonarten wahrgenommen, deren Haupt¬
