1369 2175
673 204 726 252 59
187 291 1196 339 samkeit. Wie aber die Wahl dieser dem festgehaltenen Charak¬
194 337 1204 379 ter eines sinnigen Tonstückes entsprechenden Ausweichungen und
192 374 1203 419 Uebergänge dem Tonsetzer überlassen bleibt, so muß es ihm
193 418 1202 459 auch vergönnt sein, entweder eine der schon vorhandenen Kunst¬
203 460 1204 506 formen zu benutzen, oder eine ebenso berechtigte neue Form zu
201 500 1201 551 schaffen, um den Inhalt seiner Tondichtung zum lebendigen
191 553 1202 593 und verständlichen Ausdruck zu bringen. Der feinfühlende
189 587 1200 632 Künstler wird — selbst der Wahrheit und Bestimmtheit des
190 627 1200 675 Ausdrucks zu Liebe — niemals die Anmuth und Schönheit zum
192 668 1197 715 Opfer bringen, aber nicht der einseitig befangene Kritiker, son¬
191 709 1202 755 dern eben nur der Geweihte, dessen Brust von dem göttlichen
200 755 1204 800 Funken der Kunst erglüht, ist dazu berufen, die Grenzen des
195 799 568 852 Schönen zu bestimmen.
348 1051 1045 1108 Die heutige Chromatik und Enharmonik.
282 1148 1204 1195 Die neuere Tonkunst faßt die chromatischen und enhar¬
195 1201 1211 1243 monischen Töne anders auf als die ältere. Diese betrachtet
197 1236 1207 1281 jeden chromatischen Ton als Bestandtheil einer Harmonie der¬
199 1276 1195 1330 jenigen Tonart, in welcher er eben keinen chromatischen,
201 1313 1206 1369 sondern einen Stammton bildet; jene aber nimmt die chro¬
189 1361 1205 1403 matischen Töne so lange als Nebentöne einer bestimmten
194 1404 1204 1450 Tonart, bis dieselben durch eine Ausweichung sich zu
196 1444 1196 1491 Stammtönen einer von dieser verschiedenen Tonart erheben.
189 1487 1200 1538 Die ältere Tonkunst sieht ferner in zwei enharmonischen Tönen,
186 1540 671 1587 wie z. B. hier in fis und ges:
189 1811 1202 1860 welche sie nur in ihrer akustisch reinen Bedeutung gelten
188 1860 1195 1907 läßt, etwas durchaus Verschiedenes und niemals Zusammen¬
