1365 2175
660 196 721 243 32
185 277 1188 324 A moll-, D moll-, E moll-, Cis moll-, F dur-, A dur- und
185 324 468 379 E dur-Dreiklang.
178 932 1176 987 Ueberall aber wo der hier gewählte übermäßige Dreiklang
185 980 1184 1020 c e gis auftreten konnte, wird auch der dem Klange nach ihm
189 1020 1176 1075 gleiche Accord (seine enharmonische Verwechselung) c e as auf¬
192 1060 1172 1106 treten und sodann eine Auflösung in den F dur-, C dur-,
186 1107 1182 1148 G dur-, Des dur-, F moll-, B moll-, C moll- und A moll-
181 1148 1179 1195 Dreiklang ausführen können, wobei, wie allezeit, offenbare und
185 1196 1076 1243 verdeckte übelklingende Parallelgänge zu vermeiden sind.
