1368 2170
670 196 739 251 10
193 284 1196 339 herab, ebenfalls mit einem Halbtone in die Octave ihres Aus¬
193 324 538 387 gangspunctes leitend:
189 427 1196 474 Die Durtonart zeigte zwei quintverwandte große, die Moll¬
196 476 1191 516 tonart zeigt ebenso zwei quintverwandte kleine Dreiklänge
186 517 1194 563 d F a und e G h auf; wo die Durtonart zwei dem tonischen
189 560 1188 603 terzverwandte Moll-Dreiklänge darbot, da findet die Moll¬
188 603 1192 644 tonart ebenso zwei terzverwandte Dur-Dreiklänge F a C und
192 643 386 683 C e G vor:
185 803 1196 850 Endlich erscheinen in der Molltonart noch, unverbunden mit
196 853 1195 900 dem tonischen Dreiklange, ein Durdreiklang g H D und ein
190 892 700 931 verminderter Dreiklang H D f.
282 931 1185 979 Wenn, wie oben bemerkt, die Durtonart zuweilen durch
193 972 1186 1026 den weichen Unterdominantdreiklang milder gestimmt wird,
197 1016 1192 1064 so wird noch häufiger die Molltonart kräftiger durch einen har¬
189 1059 872 1106 ten Oberdominantdreiklang gestaltet:
192 1180 1196 1227 Die melodische Tonleiter dieser „härteren Molltonart” ist die
183 1227 338 1283 folgende:
183 1332 1186 1370 und ihre harmonische Begleitung ist wegen des unmelodischen
183 1364 1194 1404 übermäßigen Schrittes gis—f, welcher durch den chromatischen
189 1408 1194 1451 Ton gis herbeigeführt wurde, denselben Bedingungen unter¬
188 1452 1176 1492 worfen, wie die der Tonleiter der „weicheren Durtonart”.
193 1492 1188 1539 Auch hier erscheinen nun übermäßige und verminderte Inter¬
187 1532 1192 1579 valle, ferner der verminderte Dreiklang gis h d und der über¬
187 1576 1191 1619 mäßige Dreiklang c e gis, und selbstverständlich kann auch die
186 1620 1186 1666 Molltonart außer ihren Stammtönen und dem hier auftreten¬
186 1660 1194 1706 den chromatischen Tone gis noch die sämmtlichen anderen Töne
188 1708 1120 1747 unseres Tonsystemes als chromatische Nebentöne benutzen.
525 1795 868 1854 Dreiklangs-Folgen.
262 1860 1200 1906 Zwei auf einander folgende Dreiklänge haben entweder
