1353 2175
650 197 713 243 48
179 284 1178 330 aus zweien oder aus mehreren Accorden bestehen und nach
182 323 1176 376 einem ausgehaltenen Tone der tiefsten Stimme, oder zugleich
178 364 1178 411 mit diesem kann als erster Accord nicht allein eine mit dem¬
189 408 1180 456 selben consonirende, sondern auch eine dissonirende Harmonie
187 452 1177 499 frei auftreten, an welcher ein oder mehrere verminderte Drei¬
186 491 1173 539 klänge theilnehmen, z. B. also ein Dominantseptimenaccord
180 539 807 579 oder ein verminderter Septimenaccord.
275 580 1180 626 In den folgenden Beispielen entsteht bei 1 der sogenannte
188 627 1180 675 „Nonenaccord”, bei 2 der sogenannte „Undecimenaccord” und
182 667 1182 715 bei 3 der sogenannte „Terzdecimenaccord”, jenachdem die
179 707 1176 755 Quinte, die Terze oder der Grundton eines Dreiklanges als
181 748 1181 797 Halteton zu einem alle Töne desselben verzögernden Accorde
184 795 433 844 benutzt worden.
185 1013 1168 1061 Diese dissonirenden Harmonien sind also vierstimmige Accorde,
187 1052 1182 1099 welche jede Lage annehmen, und jede regelmäßige Fortschrei¬
176 1100 1180 1141 tung nehmen können, denen eine fünfte, tiefste Stimme als
185 1140 1176 1186 Halteton hinzugefügt ist, welche selbstverständlich sich an einer
186 1183 1178 1226 Versetzung oder Umkehrung des über derselben befindlichen
185 1225 1174 1275 Accordes nicht betheiligen darf, denn sonst würde der oben bei
189 1268 1179 1315 1 auftretende „Nonenaccord” z. B. in seiner Secundterz¬
182 1312 1178 1355 quartsextlage folgende ganz unverständliche Harmonie bilden
178 1355 310 1395 können:
181 1539 1187 1578 Wenn aber der Halteton bei 1 mit der Auflösung der Stimmen
177 1581 1183 1634 des über ihm stehenden Septimenaccordes zugleich seine Stelle
177 1628 1181 1667 verläßt und etwa in den Grundton des folgenden Accordes
185 1667 325 1722 schreitet:
