<?xml version="1.0" encoding="UTF-8" standalone="yes"?>
<PcGts xmlns="http://schema.primaresearch.org/PAGE/gts/pagecontent/2013-07-15" xmlns:xsi="http://www.w3.org/2001/XMLSchema-instance" xsi:schemaLocation="http://schema.primaresearch.org/PAGE/gts/pagecontent/2013-07-15 http://schema.primaresearch.org/PAGE/gts/pagecontent/2013-07-15/pagecontent.xsd">
    <Metadata>
        <Creator>prov=University of Rostock/Institute of Mathematics/CITlab|PLANET AI GmbH/Gundram Leifert/gundram.leifert@planet-ai.de:name=ONB_Newseye_GT_M1+(htr_id=10810)::::v=2.6.7
prov=University of Rostock/Institute of Mathematics/CITlab|PLANET AI GmbH/Tobias Gruening/tobias.gruening@planet-ai.de:name=de.uros.citlab.module.baseline2polygon.B2PSeamMultiOriented:v=2.6.7
prov=University of Rostock/Institute of Mathematics/CITlab|PLANET AI GmbH/Tobias Gruening/tobias.gruening@planet-ai.de:name=/net_tf/LA73_249_0mod360.pb:de.uros.citlab.segmentation.CITlab_LA_ML:v=2.6.7
Transkribus</Creator>
        <Created>2021-02-19T15:11:50.275+01:00</Created>
        <LastChange>2021-08-17T11:01:56.273+02:00</LastChange>
        <TranskribusMetadata docId="738834" pageId="28121558" pageNr="48" tsid="62684540" status="DONE" userId="74363" imgUrl="https://files.transkribus.eu/Get?id=NHEGPSOCVXCXEUCXVTDOJJGQ&amp;fileType=view" xmlUrl="https://files.transkribus.eu/Get?id=MTFNIWBSSHFVRKTOTMYVRGGS" imageId="21904928"/>
    </Metadata>
    <Page imageFilename="Weitzmann_1860_Harmoniesystem-0048.jpg" imageWidth="1368" imageHeight="2162" type="content">
        <ReadingOrder>
            <OrderedGroup id="ro_1630573945136" caption="Regions reading order">
                <RegionRefIndexed index="0" regionRef="TextRegion_1614164190888_451"/>
                <RegionRefIndexed index="1" regionRef="TextRegion_1614164190888_450"/>
                <RegionRefIndexed index="2" regionRef="TextRegion_1614164188672_446"/>
                <RegionRefIndexed index="4" regionRef="TextRegion_1614164173489_438"/>
            </OrderedGroup>
        </ReadingOrder>
        <TextRegion orientation="0.0" type="page-number" id="TextRegion_1614164190888_451" custom="readingOrder {index:0;} structure {type:page-number;}">
            <Coords points="157,207 1156,207 1156,249 157,249"/>
            <TextLine id="r1l1" custom="readingOrder {index:0;}">
                <Coords points="622,243 663,242 678,228 684,228 684,204 675,202 662,189 646,188 632,197 622,197"/>
                <Baseline points="628,227 653,229 678,227"/>
                <TextEquiv>
                    <Unicode>33</Unicode>
                </TextEquiv>
            </TextLine>
            <TextEquiv>
                <Unicode>33</Unicode>
            </TextEquiv>
        </TextRegion>
        <TextRegion orientation="0.0" type="paragraph" id="TextRegion_1614164190888_450" custom="readingOrder {index:1;}">
            <Coords points="157,249 1156,249 1156,623 157,623"/>
            <TextLine id="r1l2" custom="readingOrder {index:0;}">
                <Coords points="154,324 1158,321 1158,285 1111,277 154,284"/>
                <Baseline points="160,316 209,315 259,314 308,313 358,313 408,313 457,313 507,312 556,312 606,313 656,313 705,313 755,313 804,313 854,313 904,313 953,313 1003,313 1052,313 1102,313 1152,312"/>
                <TextEquiv>
                    <Unicode>Auf ganz ähnliche Weise würde endlich der dritte der oben</Unicode>
                </TextEquiv>
            </TextLine>
            <TextLine id="r1l3" custom="readingOrder {index:1;} m_chord {offset:26; length:22;} m_chord {offset:49; length:9;}">
                <Coords points="159,370 1145,369 1145,335 1096,323 159,332"/>
                <Baseline points="165,357 213,357 262,356 310,356 359,356 408,356 456,355 505,355 554,355 602,355 651,355 700,355 748,355 797,355 846,355 894,355 943,355 992,355 1040,355 1089,355 1138,355"/>
                <TextEquiv>
                    <Unicode>neben einander gestellten übermäßigen Dreiklänge e gis his,</Unicode>
                </TextEquiv>
            </TextLine>
            <TextLine id="r1l4" custom="readingOrder {index:2;} concept_mus {offset:23; length:26;}">
                <Coords points="156,411 1132,412 1157,372 156,373"/>
                <Baseline points="162,399 211,398 260,398 310,398 359,398 409,398 458,398 507,398 557,398 606,398 656,398 705,398 754,398 804,398 853,398 903,398 952,398 1001,398 1051,398 1100,397 1150,397"/>
                <TextEquiv>
                    <Unicode>welcher ebenfalls eine enharmonische Verwechslung der beiden</Unicode>
                </TextEquiv>
            </TextLine>
            <TextLine id="r1l5" custom="readingOrder {index:3;}">
                <Coords points="154,451 1147,450 1147,412 1040,404 531,432 431,404 154,412"/>
                <Baseline points="160,440 209,440 258,440 307,440 356,441 405,441 454,441 503,441 552,441 601,441 650,440 699,440 748,440 797,440 846,440 895,440 944,440 993,440 1042,440 1091,440 1140,440"/>
                <TextEquiv>
                    <Unicode>vorhergehenden bildet, an deren Stelle auftreten und seine</Unicode>
                </TextEquiv>
            </TextLine>
            <TextLine id="r1l6" custom="readingOrder {index:4;} concept_mus {offset:0; length:9;} m_chord {offset:17; length:8;} m_chord {offset:27; length:8;} m_chord {offset:37; length:8;} m_chord {offset:47; length:6;}">
                <Coords points="160,493 630,472 1142,496 1142,460 1067,452 160,454"/>
                <Baseline points="166,484 214,483 263,483 311,483 360,483 408,482 457,482 505,482 554,482 602,482 651,482 699,482 748,482 796,482 845,482 893,482 942,482 990,482 1039,482 1087,483 1136,483"/>
                <TextEquiv>
                    <Unicode>Auflösung in den Cis dur-, Gis dur-, Dis dur-, A dur-,</Unicode>
                </TextEquiv>
            </TextLine>
            <TextLine id="r1l7" custom="readingOrder {index:5;} m_chord {offset:0; length:9;} m_chord {offset:11; length:9;} m_chord {offset:22; length:9;} m_chord {offset:36; length:18;}">
                <Coords points="158,539 1145,534 1127,492 158,495"/>
                <Baseline points="164,526 212,525 261,525 310,525 358,525 407,525 456,525 504,526 553,526 602,526 651,526 699,526 748,527 797,527 845,527 894,526 943,526 991,526 1040,526 1089,525 1138,524"/>
                <TextEquiv>
                    <Unicode>Cis moll-, Fis moll-, Gis moll- und Eis moll-Dreiklang neh¬</Unicode>
                </TextEquiv>
            </TextLine>
            <TextLine id="r1l8" custom="readingOrder {index:6;} m_chord {offset:50; length:11; continued:true;}">
                <Coords points="153,578 1112,587 1150,578 1150,541 153,547"/>
                <Baseline points="159,569 208,568 257,568 306,568 356,568 405,568 454,568 503,568 553,568 602,568 651,568 700,568 750,568 799,568 848,568 897,568 947,568 996,568 1045,568 1094,568 1144,568"/>
                <TextEquiv>
                    <Unicode>men können, ohne damit jedoch die Wirksamkeit des übermäßigen</Unicode>
                </TextEquiv>
            </TextLine>
            <TextLine id="r1l9" custom="readingOrder {index:7;} m_chord {offset:0; length:11; continued:true;}">
                <Coords points="159,619 653,617 653,587 596,580 395,579 354,593 330,579 306,590 159,580"/>
                <Baseline points="166,609 191,610 216,610 241,610 267,610 292,611 317,611 343,611 368,610 393,610 419,610 444,610 469,610 495,610 520,610 545,610 571,611 596,611 621,612 647,612"/>
                <TextEquiv>
                    <Unicode>Dreiklanges erschöpft zu haben.</Unicode>
                </TextEquiv>
            </TextLine>
            <TextEquiv>
                <Unicode>Auf ganz ähnliche Weise würde endlich der dritte der oben&#13;
neben einander gestellten übermäßigen Dreiklänge e gis his,&#13;
welcher ebenfalls eine enharmonische Verwechslung der beiden&#13;
vorhergehenden bildet, an deren Stelle auftreten und seine&#13;
Auflösung in den Cis dur-, Gis dur-, Dis dur-, A dur-,&#13;
Cis moll-, Fis moll-, Gis moll- und Eis moll-Dreiklang neh¬&#13;
men können, ohne damit jedoch die Wirksamkeit des übermäßigen&#13;
Dreiklanges erschöpft zu haben.</Unicode>
            </TextEquiv>
        </TextRegion>
        <TextRegion orientation="0.0" type="paragraph" id="TextRegion_1614164188672_446" custom="readingOrder {index:2;}">
            <Coords points="157,623 1156,623 1156,1220 157,1220"/>
            <TextLine id="r1l10" custom="readingOrder {index:0;} m_note {offset:47; length:8;}">
                <Coords points="233,658 1156,665 1156,626 1112,620 233,621"/>
                <Baseline points="239,652 284,653 330,653 375,653 421,654 466,654 512,654 557,654 603,654 648,653 694,653 739,653 785,653 830,653 876,653 921,653 967,653 1012,653 1058,653 1103,653 1149,653"/>
                <TextEquiv>
                    <Unicode>Bei Nr. 4 der obenstehenden Beispiele wird der Grundton</Unicode>
                </TextEquiv>
            </TextLine>
            <TextLine id="r1l11" custom="readingOrder {index:1;} m_chord {offset:4; length:18;} m_note {offset:27; length:8;} m_chord {offset:42; length:11; continued:true;}">
                <Coords points="158,707 1155,707 1155,672 1085,659 158,668"/>
                <Baseline points="164,695 213,695 262,695 311,695 361,695 410,695 459,695 508,695 558,695 607,695 656,695 705,695 755,695 804,695 853,695 902,695 952,695 1001,695 1050,695 1099,695 1149,696"/>
                <TextEquiv>
                    <Unicode>des As dur-Dreiklanges zum Grundton eines übermäßigen</Unicode>
                </TextEquiv>
            </TextLine>
            <TextLine id="r1l12" custom="readingOrder {index:2;} m_chord {offset:0; length:11; continued:true;} textStyle {offset:29; length:11;fontSize:0.0; kerning:0; letterSpaced:true;} concept_mus {offset:29; length:11;} m_chord {offset:52; length:7; continued:true;}">
                <Coords points="158,748 1153,739 1136,706 158,709"/>
                <Baseline points="164,739 213,739 262,739 311,738 360,738 409,738 458,738 507,738 556,738 605,738 655,738 704,738 753,738 802,738 851,738 900,738 949,738 998,738 1047,737 1096,737 1146,737"/>
                <TextEquiv>
                    <Unicode>Dreiklanges, und geht sodann chromatisch in den des A moll-</Unicode>
                </TextEquiv>
            </TextLine>
            <TextLine id="r1l13" custom="readingOrder {index:3;} m_chord {offset:0; length:11; continued:true;} m_note {offset:33; length:3;} m_note {offset:37; length:2;} m_note {offset:49; length:3;}">
                <Coords points="154,787 1151,787 1151,750 1110,747 490,748 452,773 154,747"/>
                <Baseline points="160,780 209,781 258,781 307,781 357,781 406,781 455,781 504,780 554,780 603,780 652,780 701,780 751,780 800,780 849,779 898,779 948,779 997,779 1046,779 1095,779 1145,779"/>
                <TextEquiv>
                    <Unicode>Dreiklanges über. Aber nicht der Ton As, sondern Gis bildet</Unicode>
                </TextEquiv>
            </TextLine>
            <TextLine id="r1l14" custom="readingOrder {index:4;} textStyle {offset:6; length:12;fontSize:0.0; kerning:0; letterSpaced:true;} concept_mus {offset:6; length:12;} concept_mus {offset:19; length:7;} m_note {offset:31; length:1;}">
                <Coords points="153,833 1154,831 1154,797 985,787 931,812 903,788 153,796"/>
                <Baseline points="159,823 208,822 257,822 307,822 356,822 406,822 455,822 504,822 554,822 603,822 653,822 702,823 751,823 801,823 850,823 900,823 949,823 998,823 1048,822 1097,822 1147,821"/>
                <TextEquiv>
                    <Unicode>einen stufenweisen Vorhalt vor A (s. u. 1), und nur zur</Unicode>
                </TextEquiv>
            </TextLine>
            <TextLine id="r1l15" custom="readingOrder {index:5;} textStyle {offset:55; length:6;fontSize:0.0; kerning:0; letterSpaced:true;} concept_mus {offset:55; length:6; continued:true;}">
                <Coords points="156,875 1144,866 1080,828 156,832"/>
                <Baseline points="162,865 210,865 259,865 308,866 357,866 406,866 454,866 503,866 552,866 601,865 650,865 698,865 747,865 796,865 845,865 894,865 942,864 991,864 1040,864 1089,864 1138,864"/>
                <TextEquiv>
                    <Unicode>Erleichterung des Lesens wird häufig das Schreiben des enhar¬</Unicode>
                </TextEquiv>
            </TextLine>
            <TextLine id="r1l16" custom="readingOrder {index:6;} textStyle {offset:0; length:9;fontSize:0.0; kerning:0; letterSpaced:true;} concept_mus {offset:0; length:9; continued:true;} m_chord {offset:28; length:8;}">
                <Coords points="155,922 1154,910 1154,884 992,876 155,883"/>
                <Baseline points="161,909 210,908 259,908 309,907 358,907 407,907 457,907 506,907 555,907 605,907 654,907 703,907 753,907 802,907 851,907 901,907 950,907 999,907 1049,906 1098,906 1148,905"/>
                <TextEquiv>
                    <Unicode>monischen Ueberganges eines Accordes in den anderen ver¬</Unicode>
                </TextEquiv>
            </TextLine>
            <TextLine id="r1l17" custom="readingOrder {index:7;}">
                <Coords points="153,962 1105,971 1158,962 1158,922 153,923"/>
                <Baseline points="160,950 209,950 259,950 308,950 358,950 408,950 457,950 507,950 556,950 606,950 656,950 705,950 755,950 804,950 854,950 904,950 953,950 1003,950 1052,950 1102,950 1152,950"/>
                <TextEquiv>
                    <Unicode>mieden. Ganz ähnlich verhält es sich mit Nr. 6 der den obigen</Unicode>
                </TextEquiv>
            </TextLine>
            <TextLine id="r1l18" custom="readingOrder {index:8;}">
                <Coords points="150,1002 1152,1001 1084,956 150,965"/>
                <Baseline points="157,992 206,992 255,993 305,993 354,993 404,993 453,993 503,993 552,993 602,993 651,993 700,993 750,992 799,992 849,992 898,992 948,992 997,992 1047,992 1096,993 1146,993"/>
                <TextEquiv>
                    <Unicode>vorangehenden und mit Nr. 2 der hier folgenden Beispiele.</Unicode>
                </TextEquiv>
            </TextLine>
            <TextLine id="r1l19" custom="readingOrder {index:9;} m_interval {offset:30; length:7;} m_note {offset:38; length:1;} textStyle {offset:40; length:11;fontSize:0.0; kerning:0; letterSpaced:true;} concept_mus {offset:40; length:11;}">
                <Coords points="156,1043 1157,1043 1157,1010 1104,1004 156,1004"/>
                <Baseline points="162,1033 211,1034 260,1034 310,1035 359,1035 409,1035 458,1035 507,1035 557,1035 606,1035 656,1035 705,1035 754,1034 804,1034 853,1034 903,1034 952,1034 1001,1034 1051,1034 1100,1035 1150,1035"/>
                <TextEquiv>
                    <Unicode>Im letzteren geht nämlich die Septime F chromatisch in den</Unicode>
                </TextEquiv>
            </TextLine>
            <TextLine id="r1l20" custom="readingOrder {index:10;} m_note {offset:0; length:3;} m_note {offset:4; length:3;}">
                <Coords points="156,1090 1154,1090 1154,1050 1117,1044 405,1067 156,1043"/>
                <Baseline points="163,1078 212,1078 261,1078 310,1078 360,1078 409,1077 458,1077 507,1078 557,1078 606,1078 655,1078 704,1078 754,1078 803,1078 852,1078 901,1078 951,1078 1000,1078 1049,1077 1098,1077 1148,1077"/>
                <TextEquiv>
                    <Unicode>Ton Fis über, während sie bei richtiger Schreibart vorher</Unicode>
                </TextEquiv>
            </TextLine>
            <TextLine id="r1l21" custom="readingOrder {index:11;} textStyle {offset:0; length:12;fontSize:0.0; kerning:0; letterSpaced:true;} concept_mus {offset:0; length:12;} m_note {offset:20; length:3;} m_note {offset:24; length:3;} concept_mus {offset:43; length:12;}">
                <Coords points="153,1131 1011,1139 1154,1130 1154,1092 153,1101"/>
                <Baseline points="159,1120 208,1120 257,1120 307,1120 356,1120 406,1120 455,1120 505,1120 554,1120 604,1120 653,1120 702,1120 752,1120 801,1120 851,1120 900,1120 950,1121 999,1121 1049,1121 1098,1121 1148,1121"/>
                <TextEquiv>
                    <Unicode>enharmonisch in den Ton Eis, welcher einen stufenweisen</Unicode>
                </TextEquiv>
            </TextLine>
            <TextLine id="r1l22" custom="readingOrder {index:12;} concept_mus {offset:0; length:7;} m_note {offset:22; length:5;} m_note {offset:28; length:3;}">
                <Coords points="155,1171 1157,1179 1157,1140 1123,1131 155,1132"/>
                <Baseline points="161,1161 210,1161 259,1162 309,1162 358,1163 408,1163 457,1163 507,1163 556,1163 606,1164 655,1164 704,1164 754,1164 803,1164 853,1164 902,1164 952,1164 1001,1164 1051,1164 1100,1164 1150,1165"/>
                <TextEquiv>
                    <Unicode>Vorhalt des folgenden Tones Fis bildet, übergehen mußte,</Unicode>
                </TextEquiv>
            </TextLine>
            <TextLine id="r1l23" custom="readingOrder {index:13;}">
                <Coords points="150,1218 208,1220 219,1209 231,1219 314,1218 327,1216 328,1191 320,1191 302,1172 283,1178 268,1172 255,1180 242,1171 220,1186 199,1172 151,1179"/>
                <Baseline points="157,1204 184,1205 211,1206 239,1206 266,1206 293,1206 321,1206"/>
                <TextEquiv>
                    <Unicode>wie bei 3.</Unicode>
                </TextEquiv>
            </TextLine>
            <TextEquiv>
                <Unicode>Bei Nr. 4 der obenstehenden Beispiele wird der Grundton&#13;
des As dur-Dreiklanges zum Grundton eines übermäßigen&#13;
Dreiklanges, und geht sodann chromatisch in den des A moll-&#13;
Dreiklanges über. Aber nicht der Ton As, sondern Gis bildet&#13;
einen stufenweisen Vorhalt vor A (s. u. 1), und nur zur&#13;
Erleichterung des Lesens wird häufig das Schreiben des enhar¬&#13;
monischen Ueberganges eines Accordes in den anderen ver¬&#13;
mieden. Ganz ähnlich verhält es sich mit Nr. 6 der den obigen&#13;
vorangehenden und mit Nr. 2 der hier folgenden Beispiele.&#13;
Im letzteren geht nämlich die Septime F chromatisch in den&#13;
Ton Fis über, während sie bei richtiger Schreibart vorher&#13;
enharmonisch in den Ton Eis, welcher einen stufenweisen&#13;
Vorhalt des folgenden Tones Fis bildet, übergehen mußte,&#13;
wie bei 3.</Unicode>
            </TextEquiv>
        </TextRegion>
        <MusicRegion id="Music_1614164205812_455" custom="readingOrder {index:3;} structure {type:floating;}">
            <Coords points="157,1220 1156,1220 1156,1553 157,1553"/>
        </MusicRegion>
        <TextRegion orientation="0.0" id="TextRegion_1614164173489_438" custom="readingOrder {index:4;} structure {type:paragraph-continued;}">
            <Coords points="157,1553 1156,1553 1156,1911 157,1911"/>
            <TextLine id="r1l53" custom="readingOrder {index:0;} concept_mus {offset:11; length:8;} concept_mus {offset:38; length:11;}">
                <Coords points="245,1603 1157,1610 1134,1564 245,1565"/>
                <Baseline points="251,1594 296,1594 341,1594 386,1594 431,1594 476,1595 521,1595 566,1595 611,1595 656,1595 701,1596 746,1596 791,1596 836,1596 881,1596 926,1596 971,1596 1016,1596 1061,1595 1106,1595 1151,1594"/>
                <TextEquiv>
                    <Unicode>Die neuere Tonkunst gebraucht demnach diatonische und</Unicode>
                </TextEquiv>
            </TextLine>
            <TextLine id="r1l54" custom="readingOrder {index:1;} concept_mus {offset:0; length:12;} concept_mus {offset:13; length:8;}">
                <Coords points="162,1648 1023,1660 1156,1646 1157,1611 162,1604"/>
                <Baseline points="168,1639 217,1638 266,1638 315,1637 364,1637 413,1637 462,1637 511,1637 560,1638 609,1638 659,1638 708,1639 757,1639 806,1639 855,1639 904,1639 953,1639 1002,1639 1051,1639 1100,1638 1150,1637"/>
                <TextEquiv>
                    <Unicode>chromatische Vorhalte, und es ergeben sich dadurch zuweilen</Unicode>
                </TextEquiv>
            </TextLine>
            <TextLine id="r1l55" custom="readingOrder {index:2;} concept_mus {offset:0; length:6;} m_chord {offset:11; length:8;} textStyle {offset:27; length:25;fontSize:0.0; kerning:0; letterSpaced:true;} concept_mus {offset:27; length:20;}">
                <Coords points="157,1694 1134,1687 1134,1652 157,1651"/>
                <Baseline points="163,1681 211,1680 259,1680 307,1679 356,1679 404,1679 452,1679 500,1679 549,1680 597,1680 645,1680 693,1681 742,1681 790,1681 838,1681 886,1682 935,1682 983,1682 1031,1682 1079,1681 1128,1681"/>
                <TextEquiv>
                    <Unicode>Folgen von Accorden, deren innerer Zusammenhang erst</Unicode>
                </TextEquiv>
            </TextLine>
            <TextLine id="r1l56" custom="readingOrder {index:3;} textStyle {offset:0; length:47;fontSize:0.0; kerning:0; letterSpaced:true;} concept_mus {offset:8; length:24;}">
                <Coords points="158,1731 1158,1729 1158,1702 1081,1691 158,1700"/>
                <Baseline points="165,1723 214,1723 263,1722 313,1722 362,1722 411,1722 461,1722 510,1722 559,1722 609,1723 658,1723 707,1723 757,1723 806,1723 855,1723 905,1723 954,1723 1003,1723 1053,1723 1102,1722 1152,1722"/>
                <TextEquiv>
                    <Unicode>aus der enharmonischen Bedeutung derselben her¬</Unicode>
                </TextEquiv>
            </TextLine>
            <TextLine id="r1l57" custom="readingOrder {index:4;} textStyle {offset:0; length:7;fontSize:0.0; kerning:0; letterSpaced:true;}">
                <Coords points="161,1774 1157,1776 1157,1738 1046,1732 161,1740"/>
                <Baseline points="167,1764 216,1764 265,1765 314,1765 363,1765 413,1765 462,1765 511,1765 560,1765 609,1765 659,1766 708,1766 757,1766 806,1766 855,1766 905,1766 954,1766 1003,1766 1052,1766 1101,1766 1151,1766"/>
                <TextEquiv>
                    <Unicode>vorgeht. Zur Erklärung ähnlicher später anzuführender</Unicode>
                </TextEquiv>
            </TextLine>
            <TextLine id="r1l58" custom="readingOrder {index:5;} concept_mus {offset:0; length:11;} concept_mus {offset:12; length:13;} concept_phy {offset:12; length:13;} m_chord {offset:26; length:7;}">
                <Coords points="167,1819 1158,1818 1158,1778 1092,1773 167,1775"/>
                <Baseline points="173,1808 224,1807 276,1807 327,1807 379,1807 430,1807 482,1807 533,1807 585,1807 636,1808 688,1808 739,1808 791,1808 842,1808 894,1808 945,1808 997,1808 1048,1809 1100,1809 1152,1809"/>
                <TextEquiv>
                    <Unicode>Auflösungen dissonirender Accorde möge hier noch das Beispiel</Unicode>
                </TextEquiv>
            </TextLine>
            <TextLine id="r1l59" custom="readingOrder {index:6;} concept_mus {offset:6; length:13;} concept_mus {offset:20; length:9;}">
                <Coords points="160,1858 1160,1858 1160,1828 1076,1819 160,1828"/>
                <Baseline points="167,1851 216,1851 265,1850 315,1850 364,1850 413,1850 463,1850 512,1850 561,1850 611,1850 660,1850 709,1850 759,1850 808,1851 857,1851 907,1851 956,1851 1005,1851 1055,1851 1104,1851 1154,1851"/>
                <TextEquiv>
                    <Unicode>eines chromatischen Vorhaltes und damit zugleich einer Folge</Unicode>
                </TextEquiv>
            </TextLine>
            <TextLine id="r1l60" custom="readingOrder {index:7;} m_chord {offset:4; length:8;} concept_mus {offset:49; length:13;}">
                <Coords points="154,1907 1162,1901 1162,1872 1113,1860 154,1868"/>
                <Baseline points="160,1893 209,1893 259,1893 309,1894 359,1894 409,1894 458,1894 508,1894 558,1894 608,1894 658,1894 707,1894 757,1894 807,1894 857,1894 907,1894 956,1894 1006,1895 1056,1895 1106,1895 1156,1895"/>
                <TextEquiv>
                    <Unicode>von Accorden Platz finden, welche nur durch ihre enharmonische</Unicode>
                </TextEquiv>
            </TextLine>
            <TextEquiv>
                <Unicode>Die neuere Tonkunst gebraucht demnach diatonische und&#13;
chromatische Vorhalte, und es ergeben sich dadurch zuweilen&#13;
Folgen von Accorden, deren innerer Zusammenhang erst&#13;
aus der enharmonischen Bedeutung derselben her¬&#13;
vorgeht. Zur Erklärung ähnlicher später anzuführender&#13;
Auflösungen dissonirender Accorde möge hier noch das Beispiel&#13;
eines chromatischen Vorhaltes und damit zugleich einer Folge&#13;
von Accorden Platz finden, welche nur durch ihre enharmonische</Unicode>
            </TextEquiv>
        </TextRegion>
    </Page>
</PcGts>
