1374 2163
634 211 711 250 55
560 460 789 507 Modulation.
261 544 1178 595 Ein jedes Tonstück, welches einen nachhaltigen Eindruck
175 588 1175 636 hinterlassen soll, wird bei der nothwendigen Einheit in Fär¬
176 635 1183 674 bung und Charakter auch die Einheit einer bestimmten Tonart
171 676 1176 721 bewahren müssen. Der Hauptsatz, welcher unser Interesse
176 716 1182 759 in Anspruch nehmen soll, ist der Gegenstand der ihm folgenden
177 757 1182 803 Besprechung und wird als Hauptsache auch die Haupttonart
179 798 1181 843 in Anspruch nehmen; doch kann das Tonstück auch mit einer
182 843 1174 884 Einleitung beginnen, wie z. B. Beethoven's erste Sym¬
171 884 1185 932 phonie, durch welche der Zuhörer längere Zeit in Ungewißheit
175 924 1185 970 über Thema und Tonart gehalten wird. Unsere heutige Dur-
172 979 1185 1019 oder Moll-Tonart bildet nun ihre Melodien und Harmonien
176 1012 1182 1052 nicht einzig und allein aus ihren sieben Stammtönen, sondern
179 1052 1183 1105 sie kann, wie wir bemerkt haben, auch alle übrigen Töne unse¬
178 1092 1184 1140 res Systemes als chromatische Nebentöne benutzen. Um aber
178 1140 1179 1179 den Hauptsatz als solchen auszuzeichnen, und ebenso die
173 1179 1190 1226 Haupttonart als solche auftreten zu lassen, wird ein sich in
180 1219 1182 1266 einer Nebentonart bewegender Gegensatz nothwendig. Ein
171 1267 1182 1307 kleineres Tonstück kann sich nun zwar mit einem Hauptsatze
171 1308 1189 1347 begnügen, und einen modulatorischen Gegensatz schon in dem
175 1347 1173 1395 bloßen Accorde der Oberdominante finden, bei einem größeren
172 1398 1180 1438 aber wird sowol der Hauptsatz als der Gegensatz und deren
171 1434 1184 1476 Tonarten bestimmter hervortreten müssen. Wenn nun die
179 1476 1182 1516 ältere Tonkunst als modulatorischen Gegensatz fast ausschließ¬
179 1516 1179 1564 lich die Tonart der Oberdominante erwählte, so ergreift die
177 1558 1185 1602 neuere Tonkunst zu diesem Zwecke auch jede der oben als ver¬
179 1603 1181 1644 wandt erkannten Tonarten; sie schmückt ferner ihre Tondich¬
177 1643 1177 1691 tung nicht nur mit einer, sondern auch zuweilen mit mehre¬
177 1684 1183 1739 ren Episoden aus, und wählt für diese in Beziehung auf
177 1731 1181 1771 die Haupttonart absichtlich oft die schärfsten modulatorischen
176 1772 1178 1815 Gegensätze aus. Im ersten Theile eines jeden größeren Ton¬
175 1812 1191 1860 stückes, in der Exposition, wird also am natürlichsten dem
166 1854 1176 1901 Hauptsatze in der Haupttonart ein Gegensatz in der Ne¬
