1365 2178
631 204 700 252 38
256 572 1176 610 Da nun selbst in der classischen Tonkunst dem Domi¬
173 613 1174 665 nantseptimenaccorde ein freies Auftreten gestattet war,
173 655 1174 704 so kann die romantische Tonkunst wol mit Recht die folgenden
187 691 446 746 Sätze aufstellen:
258 740 1178 787 1) Einem bestimmten Dreiklange (in den nachstehenden
169 781 1170 828 Beispielen dem C dur-Dreiklange) kann jeder der verschiedenen
179 827 716 875 Dominantseptimenaccorde folgen;
259 868 1168 915 2) Jedem Dreiklange kann ein bestimmter Dominant¬
179 907 1172 963 septimenaccord (hier der der C dur- oder C moll-Tonart)
181 952 400 1004 folgen; z. B.
