1361 2169
651 211 703 250 37
177 564 1193 607 Der hier gewählte Dominantseptimenaccord der C dur-Tonart
184 603 1187 651 kann sich nicht in den G dur- und nicht in den verminderten
188 645 1187 691 Dreiklang h d f, welche beide schon vollständig in ihm enthalten
192 691 1184 739 sind, wol aber in den C dur-, D moll-, E moll-, F dur- und
181 730 1182 774 A moll-Dreiklang auflösen. Eine nicht als Dissonanz erschei¬
181 780 1184 828 nende Stimme hat dabei die freieste Fortschreitung; so bleibt
182 820 1187 865 bei 1 a der Grundton G zu der melodisch fallend sich auflösen¬
188 860 1188 915 den Septime liegen; bei 1 b tritt er in den Grundton, und bei
188 903 1188 947 1 c (in der Oberstimme) in die Terz des folgenden C dur-
183 948 1189 988 Dreiklanges. Die Quinte D des Dominantseptimenaccordes
187 988 1182 1035 kann bei dieser Auflösung stufenweise steigend oder fallend
187 1036 1180 1083 als Vorhalt eines Tones des folgenden Accordes erscheinen,
190 1075 1190 1115 der Leiteton H bei derselben aber nur ebenso aufwärts
189 1116 1186 1168 schreitend einen solchen erreichen. Bei 1 d nimmt die hier
190 1157 1219 1202 nicht dissonirende Quinte D des Septimenaccordes eine sprung¬
191 1207 1184 1252 weise Fortschreitung in einen Ton des folgenden Dreiklanges.
188 1245 1192 1284 Bei 2 dienen Grundton und Terze als Vorhalte des folgenden
195 1284 1183 1331 D moll-Dreiklanges, während Quinte und Septime, nur ihre
193 1328 1187 1374 harmonische Bedeutung verändernd, liegen bleiben. Bei 3 sind
186 1372 1184 1411 Quinte und Septime als Vorhalte des Grundtones des folgen¬
183 1414 1184 1459 den E moll-Dreiklanges zu betrachten, während Grundton und
184 1454 1186 1497 Terze liegen bleiben. Bei 4 bleibt nur die Septime als Grund¬
194 1500 1183 1554 ton des folgenden F dur-Dreiklanges liegen, während die
189 1539 1189 1587 übrigen Töne melodisch in die Terze und Quinte desselben
189 1580 1187 1627 übergehen. Bei 5 endlich sind alle Töne des Dominantsep¬
193 1626 1188 1668 timenaccordes melodische Verzögerungen des folgenden A moll-
189 1668 1187 1715 Dreiklanges, wobei zu bemerken ist, daß diese Auflösung am
187 1707 1192 1754 wohlklingendsten ist, wenn der Grundbaß des Dominantsep¬
191 1754 1197 1795 timenaccordes als tiefste Stimme erscheint, wie umgekehrt
191 1797 1184 1844 die ähnliche Auflösung des Septimenaccordes auf dem Leitetone
188 1838 1191 1883 der Dur-Tonart die Septime als Oberstimme verlangt; z. B.
