1375 2171
639 203 709 243 21
165 716 1160 762 Das gleichzeitige Zusammentreffen eines Tones mit seinem
172 763 1152 809 chromatischen Nebentone, wie hier im vorletzten Tacte (a—ais),
171 807 1166 856 gehört zu den schärfsten und gewagtesten Dissonanzen und ist
172 845 1168 890 deßhalb nur in der Instrumental-, nicht aber in der Vocal¬
166 891 1166 932 musik in Anwendung zu bringen, denn den Tönen der Organe
161 932 1165 979 der letzteren fehlt die Festigkeit, um so schwer aufzufassende
161 972 1161 1019 dissonirende Verhältnisse mit Sicherheit und Reinheit zur ver¬
164 1012 1162 1066 ständlichen Erscheinung zu bringen. Zum Beweise aber, daß
164 1060 1161 1107 allgemein anerkannte musikalische Autoritäten auch von diesen
169 1100 1162 1147 schärfsten Dissonanzen Gebrauch gemacht haben, möge hier das
164 1146 660 1195 folgende Beispiel Platz finden:
536 1668 796 1723 Durchgangstöne.
251 1731 1167 1786 Durchgangstöne bilden die melodische Verbindung
158 1781 1163 1827 zweier Töne eines und desselben Accordes oder verschiedener
167 1828 1167 1866 consonirender oder dissonirender Accorde; z. B. 1, 2, 5. Sie
165 1860 1158 1913 können von einer oder von mehreren Stimmen gleichzeitig,
