1372 2167
642 204 694 246 3
252 284 1174 331 Durch das Aufgeben jener mathematischen Reinheit der
169 332 1168 371 Tonverhältnisse, mit Ausnahme der Octaven, gewinnen wir
171 372 1164 414 die Enharmonik, eins der wirksamsten Mittel der neueren Ton¬
165 413 1164 459 kunst, um auch die entferntesten Tonverwandten mit einander
172 455 1173 499 in Verbindung zu bringen. Seit ihrer praktisch brauchbaren
173 500 1174 547 Feststellung aber hat eine gleichschwebende Temperatur, selbst
166 540 1166 587 in Verbindung mit der reinen Stimmung, in welcher z. B. der
175 585 1173 627 Sänger die Terze oder die Quinte ertönen läßt, auch das
170 627 1173 676 feinste musikalische Ohr nicht beleidigen können, denn Bach,
176 667 1176 716 Haydn, Mozart, Beethoven und fast alle neueren Meister
172 713 1174 755 haben vorzugsweise das temperirte Clavier mit und ohne
169 755 1171 794 Begleitung von Gesangstimmen oder Instrumenten untem¬
173 796 1174 842 perirter Stimmung gewählt, um ihre Tondichtungen zu Ge¬
181 836 428 891 hör zu bringen.
553 891 787 947 Consonanzen.
263 963 1164 1018 Consonanzen nennen wir diejenigen Zusammenklänge,
172 1007 1170 1051 welche, wenn sie ohne Verbindung mit anderen Harmonien er¬
177 1051 1174 1098 scheinen, dem Gehöre das Gefühl der Selbstständigkeit
177 1093 1174 1139 und der Ruhe gewähren, im Gegensatze zu den unselbststän¬
174 1135 1170 1180 digen Dissonanzen, welchen das Streben innewohnt, in
182 1179 1172 1219 eine Consonanz überzugehen oder sich in eine solche aufzu¬
178 1220 1169 1266 lösen. Folgt aber statt der erwarteten Auflösung der Disso¬
174 1260 1177 1307 nanz eine neue Dissonanz, so entsteht eine Trugfortschrei¬
182 1307 1170 1356 tung. Die zuerst erkannten Consonanzen waren der Einklang
176 1348 1176 1393 und die Octave; man empfand als solche sodann auch die
177 1388 1169 1443 große Quinte und deren Umkehrung, die kleine Quarte;
177 1431 1175 1478 ferner die große Terze und deren Umkehrung, die kleine
177 1476 1163 1526 Sexte und endlich die kleine Terze und deren Umkehrung,
182 1516 1167 1563 die große Sexte. Der große (Dur-) Dreiklang, und
179 1561 1178 1603 ebenso der kleine (Moll-) Dreiklang, enthält bei Ver¬
177 1604 1173 1644 dopplung seiner Töne in höheren Octaven alle jene Conso¬
182 1651 1175 1698 nanzen, und mit den letztgenannten Accorden, welche auch in
179 1686 1173 1731 der Terzsext- oder Quartsext-Lage ihre consonirende Natur
181 1732 1176 1770 noch bewahren, ist das Feld der Consonanzen für immer
178 1772 1173 1818 abgegrenzt und abgeschlossen. Alle übrigen Zusammenklänge
177 1815 1178 1866 aber hat das Ohr von je her als Dissonanzen aufgefaßt,
178 1858 1182 1899 und deren Anzahl hat sich bis auf die heutige Zeit immer mehr
