1372 2174
667 196 710 243 8
191 284 1189 331 jeder Harmonie der Tonart auftreten kann, würden hier die
187 325 1196 371 Töne as und h entweder zwei verschiedenen Harmonien ange¬
186 372 1189 410 hören (1), oder als Glieder eines gebrochenen Accordes be¬
189 412 1191 458 trachtet (2), oder endlich der eine oder der andere als freier
189 452 1023 499 Durchgangston aufgefaßt werden müssen (3); z. B.
181 1476 1187 1522 Das Beispiel 4 aber ist unzulässig, weil die beiden Durch¬
185 1523 1183 1571 gangstöne as und h hier keinen melodischen Zusammenhang
180 1564 1191 1607 haben, wie z. B. vier derselben, as, a, b und h bei 5. Aehn¬
181 1603 1190 1651 lichen Bedingungen würde eine jede mit chromatischen Tönen
179 1646 1180 1691 versehene hinauf- oder herabsteigende Tonleiter unterworfen sein.
264 1691 1182 1732 Nur durch einen chromatischen Ton können in der Ton¬
185 1731 1184 1786 art übermäßige und verminderte Intervalle zur Erscheinung
185 1774 1187 1826 gebracht werden, welche, wie schon bemerkt, sämmtlich disso¬
182 1819 1191 1859 nirend sind; so hier z. B. die übermäßige Secunde as—h und
188 1860 1192 1906 deren Umkehrung, die verminderte Septime h—as, ferner die
