1372 2169
652 195 719 244 28
276 755 1188 795 Durch die Aufnahme dieser letzteren Vorhalte in die prak¬
180 796 1177 850 tische Harmonielehre, die unbedenklich geschehen kann, da auch
195 836 1188 883 sie als regelmäßige Dissonanzbildungen auftreten und fort¬
188 882 1181 926 schreiten, gewinnt dieselbe an Klarheit, Faßlichkeit und Frei¬
193 923 1179 975 heit, denn es finden dadurch, wie wir sogleich sehen werden,
189 970 1184 1014 nicht allein alle bisher benutzten, sondern auch die auffallendsten
195 1010 1179 1053 Zusammenklänge und Accordfolgen der neueren Musik ihre
189 1051 1184 1099 Rechtfertigung und Erklärung, der Tonsetzer eine bei Weitem
186 1092 1182 1138 noch nicht erschöpfte Fundgrube neuer und kunstgerechter Har¬
191 1133 1186 1186 monien und deren Folgen, und endlich die Anzahl theoretisch
187 1180 1185 1229 zu erklärender und zu billigender Dissonanzen zugleich ihre
183 1219 522 1267 natürlichen Grenzen.
266 1260 1188 1315 Wie wir bisher nämlich die Töne eines Dreiklanges durch
182 1300 1192 1345 Vorhalte von unten oder von oben verzögerten, so können wir
188 1354 1190 1403 einen jeden derselben auch durch zwei gleichzeitige Vorhalte von
186 1388 698 1435 unten und von oben verzögern:
225 1548 1141 1595 Gleichzeitig melodisch auf- und abwärts schreitende Vorhalte.
