1368 2165
652 202 697 243 31
176 540 1180 579 Der verminderte Dreiklang kann selbstverständlich nicht allein
182 579 1174 628 frei, sondern auch gebunden, auf leichtem oder schwerem Tact¬
178 624 1170 668 theile auftreten, doch wird er sowol wie seine Auflösungen
173 667 1179 706 wohlklingender, wenn er mit einem ihm terzverwandten Drei¬
177 707 1176 755 klange in Verbindung tritt, und damit zum Septimenaccorde
180 756 1180 795 auf dem Leitetone einer Dur- oder Moll-Tonart, oder zu deren
173 792 1171 834 Dominantseptimen-Accord wird. In einer Folge von Drei¬
171 836 1172 877 klängen wird er deßhalb nur als eben unvermeidlich, außer¬
175 876 1169 931 dem aber auch in seiner wohlklingendsten, der Terzsext-Lage,
176 920 339 971 gebraucht.
264 964 1169 1011 Der übermäßige Dreiklang kann, wie schon bemerkt,
173 1009 1170 1051 nur durch den chromatischen Ton der weicheren Dur- oder der
180 1048 1169 1094 härteren Molltonart zur Erscheinung gebracht werden, und
188 1100 1173 1144 eine Dissonanz, die übermäßige Quinte, ist so scharf, daß sie
179 1130 1170 1179 entweder regelmäßig vorbereitet, oder aber als melodischer
177 1172 1171 1219 Durchgangston auftreten muß (s. u. 4, 5, 6, 7). Dieser
181 1217 1178 1261 Accord ist jedoch so enharmonischer Natur, daß das Ohr durch
182 1260 1180 1305 seine bloße Erscheinung noch nicht unterrichtet wird, welcher
184 1302 1174 1354 seiner drei Töne die übermäßige Quinte der Grundlage bildet:
261 1556 1177 1603 Das Ohr wird also durch die Bindung eines jeden dieser
174 1599 1175 1641 Töne (s. u. 1, 2, 3) oder zweier derselben schon genugsam auf ihn
181 1650 1171 1691 vorbereitet, und billigt ebenso sein Auftreten auf schweren oder
177 1684 1174 1731 leichten Tacttheilen. In den folgenden Beispielen löst sich nun
176 1726 1171 1772 der übermäßige Dreiklang c e gis, welcher z. B. in der A moll-
179 1772 1177 1818 oder in der C dur-Tonart mit Hülfe eines chromatischen Tones
183 1812 1178 1860 (gis) hervorgebracht werden kann, bei melodischer Fortschrei¬
181 1857 1182 1901 tung seiner dissonirenden Stimmen regelmäßig auf in den
