1363 2171
641 195 699 244 41
170 277 1174 323 sein Grundbaß, gleichviel in welcher Stimme derselbe sich be¬
174 323 1174 371 finde, als Verzögerung der Quinte eines Dur- oder Moll-
177 363 1175 411 Dreiklanges einen Halbton aufwärts schreitet, und seine übrigen
173 411 1171 451 Stimmen ebenfalls regelmäßig in denselben übergehen; z. B.
262 1692 1170 1739 In der weicheren Dur- oder härteren Moll-Tonart können
171 1732 1174 1779 nun auch Septimenaccorde mit übermäßiger Quinte
174 1787 1169 1828 auftreten, und auch diese müssen sich als regelmäßige Verzöge¬
167 1820 1171 1866 rungen der folgenden Harmonie erweisen, wie z. B. unten
167 1867 1168 1915 bei 1, 2; denn alle Accorde, sie mögen den chromatischen Ton
