1374 2173
641 194 708 243 23
547 363 791 419 Vorausnahmen.
270 444 1180 498 Zu einem consonirenden oder dissonirenden Accorde er¬
182 492 1180 539 scheint zuweilen ein seiner Harmonie fremder Ton, der erst in
179 531 1171 579 dem ihm unmittelbar folgenden Accorde eine verständliche
184 579 1178 623 harmonische Bedeutung erhält. Solche Vorausnahmen
191 620 1174 667 schreiten bald stufenweise, bald sprungweise in einen Ton der
180 667 1174 712 ersteren oder der folgenden Harmonie fort, und mehrere der
177 715 1180 754 unten folgenden Vorausnahmen sind dem Ohre nicht mehr
180 748 1184 794 fremd, andere aber lassen sich nur durch eine zum Ausdruck zu
181 789 1175 839 bringende Stimmung rechtfertigen, in welcher die Leidenschaft
175 830 1180 875 dem Verstande vorauseilt, oder der Eigensinn sich nicht der
183 870 1181 922 herkömmlichen Sitte fügen will. Ein interessantes Beispiel
185 916 1067 964 hierzu hat Schumann in seinen Kreisleriana geliefert.
