1363 2157
624 195 687 243 58
144 276 1166 323 können wir den tonischen Dreiklang der zu erreichenden Tonart
147 324 1156 370 auch unvermittelt auftreten lassen und durch eine Cadenz als
143 363 549 419 solchen bezeichnen; z. B.
142 707 1171 753 Oder wir können den Uebergang durch den Dominantsep¬
141 756 1160 795 timenaccord der ersten oder der folgenden Tonart
147 788 434 850 vermitteln; z. B.
147 1148 1161 1187 Oder endlich auch die Vermittlung eines übermäßigen Drei¬
144 1189 1161 1229 klanges, eines verminderten Septimenaccordes, oder einer her¬
151 1228 1107 1274 beigeführten Trugfortschreitung in Anspruch nehmen; z. B.
242 1587 1162 1635 Aber nicht nur, um die Episoden eines Tonstückes entweder
149 1627 1162 1671 sanft vorbereitet oder plötzlich überraschend einzuführen, son¬
154 1672 1162 1715 dern auch, um dem Hauptsatze selbst durch eine vorübergehende
156 1714 1158 1754 Ausweichung ein dunkleres oder ein lebhafteres Colorit zu
155 1756 1156 1796 verleihen und um die verbindenden Gänge und Passagen har¬
148 1797 1154 1842 monisch reicher auszustatten, bringt der Tonsetzer bald die eine,
155 1837 1154 1883 bald die andere der oben angedeuteten Modulationen in Wirk¬
