1355 2169
658 196 721 243 46
191 285 1193 332 chen Lage befinden, daß sie, ohne Quintenparallelen zu bilden,
190 336 1192 379 stufenweise abwärts schreiten können (der obere Dreiklang kann
196 378 1200 423 also nicht von der Grundlage, sondern nur von der Terzsext¬
190 413 1190 460 oder Quartsextlage aus eine solche Fortschreitung nehmen),
194 451 1194 498 während der Grundton seine Stelle nicht verläßt; in diesem
196 492 1192 542 Falle wird der letztere zur Septime eines neuen Septimen¬
201 540 1197 586 accordes, der unter denselben Bedingungen ähnlich fortschreiten
190 579 383 635 kann; z. B.
278 869 1189 915 Bei einer Folge von Dominantseptimenaccorden
196 915 1194 963 muß der eine ebenso jederzeit als regelmäßige Verzögerung des
191 956 1194 1003 anderen erscheinen; die untenstehenden Beispiele erfüllen diese
192 996 1189 1036 Bedingung, und werden deshalb auch in der romantischen Ton¬
196 1042 1198 1083 kunst, ähnlichen Folgen verminderter Septimenaccorde
196 1083 870 1131 gleich, ihre Rechtfertigung finden können.
