1377 2171
664 196 734 242 44
538 747 870 811 Trugfortschreitung.
293 828 1209 875 Wenn die Dissonanz eines Accordes bei ihrer regel¬
209 875 1207 923 mäßigen Auflösung in einen neuen dissonirenden Accord
207 915 1208 962 tritt, so entsteht eine Trugfortschreitung. Es kann auf diese
208 957 1208 1010 Weise eine Folge von dissonirenden Accorden gehört werden,
210 1004 1218 1046 deren einer stets die regelmäßige Verzögerung des folgenden
209 1044 1210 1088 bildet und von denen nur der zuletzt auftretende in einen con¬
213 1083 1212 1134 sonirenden Accord übergeht. So kann der übermäßige Drei¬
202 1132 1201 1179 klang z. B. in einen verminderten Septimenaccord (s. u. 1, 2,
205 1173 1206 1221 3) oder in einen Dominantseptimenaccord übergehen (4, 5, 6),
205 1220 1217 1267 es kann sogar eine Folge von übermäßigen Dreiklängen gehört
209 1256 1214 1299 werden, welche an Bitterkeit eine solche von verminderten Sep¬
200 1299 860 1354 timenaccorden bei Weitem übertrifft (7).
