1379 2164
652 195 721 235 56
173 276 1176 322 bentonart und ein Schlußsatz in derselben Nebentonart folgen.
180 320 1180 364 Im zweiten Theile aber beginnt der Kampf der beiden Gegen¬
177 364 1171 411 sätze; der Knoten wird geschürzt, und die Modulation kann
175 404 1180 450 nun, bei der jetzt beginnenden Durcharbeitung der Motive des
177 446 1176 491 ersten Theiles, in die der Haupttonart entferntesten Töne
175 489 1170 536 hinübergeführt werden. Die Verwicklung aber findet ihre Lö¬
181 533 1172 588 sung, wenn sodann der Hauptsatz, nebst dem Gegensatze des
177 580 1178 626 ersten Theiles, sowie der diesem folgende Schlußsatz in der
179 620 1180 668 Haupttonart ihre Versöhnung und ihren Vereinigungspunct
176 657 1180 707 finden. Selbstverständlich aber ist die hier angedeutete Form
175 701 1177 747 eines größeren Tonstückes, namentlich wenn dasselbe mehr als
175 739 1172 787 eine Episode auftreten läßt, der mannigfaltigsten Modifica¬
174 785 1173 826 tionen und Erweiterungen fähig. So tritt der Hauptsatz na¬
177 834 1178 875 mentlich im Finale der Sonate öfter als zweimal auf, während
173 868 1180 915 der Gegensatz in dem kürzeren Andante zuweilen nur einmal
177 915 1180 962 erscheint, und das Präludium häufig nur ein einziges Motiv
174 964 1175 1003 zur Durchführung benutzt, indem es seinen Gegensatz allein in
178 996 580 1044 einer Nebentonart findet.
265 1036 1182 1082 Bei der Modulation nun soll der Eindruck einer ersten
179 1075 1180 1123 Tonart verlöscht und eine zweite in ihren charakteristischen
170 1123 1178 1163 Momenten festgestellt werden. Einer in Beziehung auf die
177 1164 1177 1211 erste erhöhten Tonart nähern wir uns gradweise, wenn
174 1204 1174 1252 wir den Grundbaß des Dur- oder Moll-Hauptdreiklanges der
173 1248 1180 1291 ersteren in einer Folge von Dreiklängen quintenweise steigen
180 1292 1180 1339 (oder quartenweise fallen) lassen, und sodann den erlangten
177 1333 1174 1379 tonischen Dreiklang der zweiten Tonart durch eine Cadenz als
171 1373 1178 1422 solchen bezeichnen. Die Cadenz aber kann, wie in dem fol¬
178 1419 1174 1471 genden Beispiele, ohne die Erscheinung des Hauptdreiklanges
177 1461 1181 1507 abzuwarten, schon mit dem Auftreten eines der Dominant¬
176 1502 1182 1547 accorde der neuen Tonart beginnen, doch ist hierbei wohl zu
174 1547 1179 1586 beachten, daß die Molltonart jederzeit nur einen weichen
167 1587 682 1635 Unterdominantdreiklang benutzt.
