1365 2163
662 188 722 226 24
520 307 836 363 Vorhaltsdissonanzen.
269 372 1187 418 Wenn die Vorschläge und Durchgangstöne ihrer Natur
189 412 1190 460 nach den minder hervortretenden, unaccentuirten Tacttheilen
188 465 1182 506 angehören, und die Vorausnahmen nur als ganz besondere
187 500 1177 540 Abnormitäten betrachtet werden können, so treten die Vor¬
186 540 1182 588 halte, welche ihre dissonirende Erscheinung durch die Verbin¬
186 580 1185 626 dung mit dem Tone eines ihnen vorangehenden Accordes vor¬
186 625 1184 667 bereiten, nunmehr fest und gewichtig auf accentuirten
190 668 1182 715 Tacttheilen auf, oder sie stempeln den Tacttheil, auf welchem
194 712 1189 756 sie erscheinen, durch ihr Gewicht zu einem schweren *). Zur
185 749 1185 795 Bindung oder Vorbereitung eines solchen Vorhaltes kann
188 796 1187 846 jeder Ton eines ihm vorangehenden consonirenden oder disso¬
188 843 1187 883 nirenden Accordes benutzt werden, sie kann auf accentuirtem
181 891 1187 929 oder unaccentuirtem Tacttheile stattfinden, nur muß sie, um
181 923 1187 964 der Schwere der folgenden Dissonanz ein Gegengewicht zu
186 970 1177 1014 geben, mindestens die Dauer der Dissonanz selbst haben. Ueber
186 1010 1177 1051 die Auflösung der letzteren aber ist Folgendes zu bemerken.
185 1044 1180 1106 Da die Dissonanz eine melodische Verzögerung der Consonanz
187 1092 1186 1132 ist, so wird von zwei dissonirend auftretenden Tönen am natür¬
183 1134 1189 1177 lichsten der eine stufenweise fallend oder steigend in eine Con¬
192 1177 1181 1226 sonanz übergehen müssen. Bei der Secunde kann nun der
189 1220 1187 1260 obere Ton nicht fallend, und der untere nicht steigend in den
193 1260 1184 1314 Einklang übergehen, weil die Dissonanz nicht als Verzögerung
189 1314 948 1355 eines schon vorhandenen Tones erscheinen darf:
176 1564 1198 1603 wohl aber kann der untere Ton melodisch abwärts oder der
262 1668 1189 1706 *) Hierbei ist zu bemerken, daß das zweitheilige Metrum und
188 1707 1187 1747 metrische Glied nur einen Accent, das dreitheilige aber deren zwei (einen
185 1756 1135 1822 Haupt- und einen Nebenaccent) hat; z. B. $$GRAPHIC
190 1812 903 1891 $$GRAPHIC
