1334 2161
661 155 714 204 50
193 251 1198 291 gebrochen erscheinen und sogar durch Vorschläge und Durch¬
191 283 1198 332 gangstöne noch verziert werden, wodurch sodann ein haltendes
194 325 1193 374 Motiv oder eine besondere Art von Basso ostinato entsteht,
191 364 1202 412 wie ihn namentlich Liszt in neuerer Zeit mit großer Kühnheit
190 411 1201 457 in Wirksamkeit gesetzt hat; z. B. in dem vorletzten Tempo der
191 451 1198 507 großen, Robert Schumann gewidmeten Sonate. Endlich
198 505 1196 543 giebt uns Sebastian Bach in einer Sarabande der E moll-
196 540 1197 579 Suite, Exercices Op. I, Part. 6, Vienne, Hoffmeister et C.
192 579 1205 626 (s. unten bei 1), und nach ihm Beethoven in seiner neunten
197 620 1208 665 Symphonie, freilich vor den Worten: O Freunde, nicht diese
190 660 1206 706 Töne! sogar das Beispiel von drei gleichzeitigen Haltetönen:
565 1095 823 1148 Schlußbildung.
282 1180 1205 1226 Die harmonische Bedeutung eines Dreiklanges erkennen
194 1226 1203 1267 wir erst durch seine Verbindung mit anderen Accorden. So
198 1267 1202 1307 wird ein solcher sich erst zum Hauptdreiklange erheben, wenn
208 1303 1208 1346 seine beiden Dominantaccorde ihm vorangehen. Eine
203 1348 1205 1399 solche Accordfolge nennen wir „Cadenz”, und da mit derselben
198 1395 1213 1443 alle einer bestimmten Tonart eigenen Töne zu Gehör gebracht
197 1432 1205 1475 werden, eine „vollkommene Cadenz.” Wir wenden dieselbe
196 1483 1209 1523 an, um einem Tonstücke einen bestimmten Schluß in der Haupt¬
202 1517 1212 1562 tonart zu geben, oder eine in demselben auftretende Neben¬
200 1554 1211 1603 tonart festzustellen. Hat sich aber eine Tonart in ihren
198 1604 1206 1644 Hauptmomenten bereits kundgegeben, so genügt zum
203 1644 1210 1690 Abschlusse in derselben auch eine Accordfolge, über
204 1683 1208 1731 deren harmonische Bedeutung wir außerdem in Zwei¬
206 1727 1209 1774 fel bleiben würden; wir können sodann auch eine „halbe
196 1772 1231 1809 Cadenz”, bei welcher in der Durtonart dem tonischen der
203 1810 1212 1866 Unterdominantdreiklang, oder eine „ganze Cadenz”, bei
