1375 2174
656 204 727 243 14
284 644 1200 687 Alle diejenigen Dreiklänge, deren Grundbässe im Verhält¬
199 684 1202 731 nisse einer Secunde zu einander stehen, sind, da sie keinen
194 724 1095 769 Ton mit einander gemeinschaftlich haben, unverbunden:
287 1338 1206 1388 Auch bei dieser Accordfolge kann sowol der Grundton als
197 1384 1207 1427 die Terze zur Basis benutzt werden, wobei jedoch zu bemerken
203 1426 1206 1467 ist, daß bei Folgen unverbundener Dreiklänge die verdeckten
203 1468 1204 1507 Quinten, besonders beim stufenweisen Steigen des Grund¬
204 1508 1208 1555 basses, ebensowenig wohlklingend als die offenbaren Quinten
197 1552 703 1603 und deßhalb zu vermeiden sind.
