1362 2170
650 203 719 243 30
183 284 1182 331 der Leiteton als Vorhalt eines Moll-Dreiklanges, wodurch der
188 324 1171 370 dissonirende übermäßige Dreiklang hervorgerufen wird:
178 365 1171 411 Bei 3 erscheint durch Verzögerung des Grundtones des C dur-
179 412 1174 458 Dreiklanges von oben und unten und der Terze von oben der
181 452 1170 500 Dominantseptimenaccord der C dur-Tonart; bei 4 ent¬
184 499 1178 547 steht durch den Vorhalt des Grundtones des C dur-Dreiklanges
183 544 1177 587 von unten, der Quinte von oben und der Terze von oben und
185 587 1183 634 unten der auf dem Leitetone der C dur-Tonart stehende
183 621 1182 667 Septimenaccord; bei 5 findet ebenso der verminderte
185 668 1176 716 Septimenaccord der weicheren C dur-Tonart, bei 6 endlich
182 709 1181 754 ein Septimenaccord mit übermäßiger Quinte in der
179 748 1176 794 härteren A moll-Tonart durch zwei Vorhalte vor der Tonica
189 796 879 851 seine natürliche Entstehung und Bedeutung.
464 988 905 1044 Dissonirende Dreiklänge.
274 1067 1189 1108 Wir haben schon früher die Bemerkung gemacht, daß die
185 1108 1188 1155 weiche Dissonanz des verminderten Dreiklanges keiner
187 1148 1182 1194 Vorbereitung bedarf. Seine Dissonanz bildet die kleine Quinte
187 1192 1186 1235 oder deren Umkehrung, die große Quarte. Einer dieser Töne
186 1236 1184 1288 oder beide gleichzeitig werden also melodisch in eine Consonanz
185 1279 1183 1331 fortschreiten müssen, während seine Terze, welche mit den beiden
193 1331 1188 1363 anderen Stimmen consonirt, wie jede consonirende Stimme
188 1364 1188 1411 überhaupt, also auch eine den folgenden Beispielen noch hin¬
191 1403 1186 1459 zugefügte consonirende vierte Stimme, eine freie Fortschreitung
191 1451 1183 1496 hat. Der in der C dur-Tonart erscheinende verminderte Drei¬
185 1492 1177 1540 klang kann sich auf solche Weise regelmäßig in den C dur-,
181 1531 1181 1588 F dur-, G dur-, A moll-, E moll-, und D moll-Dreiklang
192 1577 334 1626 auflösen:
189 1628 1189 1675 Auflösungen des verminderten Dreiklanges in der C dur-Tonart.
