1385 2165
663 197 709 237 5
167 276 1185 316 Beethoven's „Fidelio” und an die Verdopplungen einer da¬
182 320 1178 363 durch mächtig hervortretenden Melodie in Liszt'schen Com¬
178 364 350 419 positionen.
269 403 1180 451 Den Terzen und Sexten hat man von jeher ein freies
182 444 1184 490 Auftreten und Fortschreiten gestattet, mit Ausnahme des zu¬
180 491 1182 539 weilen versuchten Verbotes der stufenweisen Aufeinanderfolge
185 533 1181 580 zweier großer Terzen, welches indessen von den praktischen
181 576 974 619 Meistern zu keiner Zeit streng beachtet worden ist.
264 615 1180 666 Nur den consonirenden Quinten verbietet man noch heute,
176 659 1176 706 in denselben Stimmen unmittelbar auf einander zu folgen, und
177 701 1180 747 erst in neuerer Zeit hat man das hierauf bezügliche Gesetz zu¬
173 745 1175 787 weilen etwas freier dahin festgestellt, daß mehrere stufenweise
183 787 1180 831 auf einander folgende Quinten unstatthaft seien. So viel ver¬
190 828 1182 874 schiedene Gründe man aber auch aufgesucht hat, parallele
181 873 1187 916 Quinten als naturwidrig zu erklären, so scheint das Verbot
190 916 1178 956 derselben dennoch nur auf Meinung und Vorurtheil, nicht aber
181 957 1188 1002 auf Naturnothwendigkeit oder haltbaren Verstandesschlüssen zu
178 997 1185 1042 beruhen. Jahrhunderte hindurch hat das musikalische Ohr
181 1043 1178 1083 Wohlgefallen an fortgesetzten Quintenfolgen gefunden, und
184 1084 1182 1129 unsere anerkanntesten praktischen Meister haben sich die Frei¬
180 1124 1186 1173 heit genommen, Quinten in stufen- oder sprungweiser Folge
183 1170 1183 1212 auftreten zu lassen. Statt vieler Beispiele hier nur das folgende:
598 1235 1029 1283 Beethoven, Son. Op. 53.
270 1674 1195 1732 Die neuere musikalische Grammatik kann also ohne Be¬
177 1724 1176 1771 denken jenes Verbot paralleler Quinten aufheben, umsomehr,
187 1764 1176 1811 als sich dasselbe niemals auf deren Umkehrung, auf Parallelen
179 1811 1178 1859 von Quarten, welche doch ganz dieselbe harmonische Bedeutung
172 1851 1177 1895 haben, ausgedehnt hat. Dem Schüler aber wird der verstän¬
