1357 2164
637 186 703 235 25
161 276 1163 323 obere ebenso aufwärts schreitend in die Consonanz der Terze
164 316 347 370 übergehen:
167 540 1167 586 Bei der Septime kann der obere Ton aus dem angeführten
166 587 1168 627 Grunde nicht stufenweise steigen, der untere ebenso nicht fallen:
170 812 1170 859 Aber die Auflösung der Septime kann stattfinden, wenn sich der
165 869 1168 906 obere Ton melodisch abwärts oder der untere ebenso auf¬
165 900 486 955 wärts fortbewegt:
164 1164 1169 1208 Die Bemerkung aber, daß die Dissonanz williger herab- als
172 1204 1164 1259 hinaufsteigt, veranlaßte die früheren Theoretiker, ihr überhaupt
168 1247 1166 1298 nur die Fortschreitung um eine Stufe abwärts zu erlauben,
171 1296 1163 1340 während die neueren Tonsetzer mit vollem Rechte die melodisch
170 1331 1163 1387 aufwärts steigende Dissonanz ebenfalls in Anwendung bringen,
171 1372 1160 1419 da sie sich auch auf diese Weise als die regelmäßige Verzöge¬
178 1419 650 1466 rung einer Consonanz erweist.
252 1460 1164 1506 Offenbare oder verdeckte Parallelgänge verlieren ihren
171 1500 1159 1547 Charakter als solche nicht, auch wenn sie durch Vorhalte ver¬
165 1556 1162 1598 zögert, oder durch eine in der Gegenbewegung dazu auftretende
167 1587 1159 1635 Stimme weniger auffallend gemacht werden; s. u. 1, 2.
171 1629 1163 1675 Ebenso ist auf das schwankende Wesen der Dissonanz bei einer
165 1676 1165 1715 ihrer Dauer nach zu kurzen Vorbereitung (s. 3) schon früher
165 1717 1169 1759 aufmerksam gemacht worden. Eine Ausnahme aber von der
171 1755 1167 1803 Regel, daß kein durch eine Bindung verzögerter Accordton
169 1799 1174 1842 in einer anderen Stimme gleichzeitig schon vorhanden sein
163 1843 1166 1892 darf (s. 4, 5, 6), bildet der herabsteigende Nonen- oder der
