1363 2169
640 186 726 235 40
269 1186 1179 1243 Der verminderte Septimenaccord, welcher durch
191 1236 1182 1275 das Zusammenauftreten zweier terzverwandter verminderter
193 1276 1182 1315 Dreiklänge entsteht, benutzt jederzeit einen oder mehrere chro¬
190 1315 1186 1363 matische Töne. In der weicheren Dur- und in der härteren
194 1360 1184 1403 Moll-Tonart findet sich derselbe auf dem Leitetone stehend vor.
192 1403 1183 1457 Er kann, wie bemerkt, seines weich dissonirenden Charakters
183 1444 1183 1491 wegen unter allen Umständen frei auftreten, und nimmt seine
188 1484 1185 1534 Hauptauflösung in den Hauptdreiklang der genannten Ton¬
184 1539 1188 1578 arten, indem sein Baß in den Grundton, seine Septime in die
190 1572 1183 1620 Quinte, seine Terze und Quinte am natürlichsten in die Terze
188 1614 521 1667 desselben übergehen:
184 1852 1189 1899 Er kann aber auch eine regelmäßige Auflösung finden, indem
