1372 2167
663 195 704 244 9
179 277 1179 323 übermäßige Quinte as—e und deren Umkehrung, die vermin¬
187 324 1182 370 derte Quarte e—as. Endlich tritt hier auch neben dem ver¬
192 364 1186 411 minderten Dreiklange d f as der scharf dissonirende „über¬
184 418 1189 462 mäßige Dreiklang” as c e auf, welchen wir nebst den
183 452 1183 498 Septimenaccorden, die durch Benutzung von chromatischen
182 496 1187 539 Tönen entstehen, später noch besonders in Betracht ziehen werden.
270 536 1251 589 Wie aber die weichere Durtonart hier den chromatischen
180 580 1180 621 Ton as benutzte, so kann eine jede Tonart außer ihren Stamm¬
185 620 1180 666 tönen noch alle übrigen Töne unseres Tonsystemes als chro¬
187 668 1181 707 matische Nebentöne in Anwendung bringen, um damit bald
187 708 1191 756 ihre Melodien auszuschmücken, bald ihren Harmonien ein
188 747 712 795 reicheres Colorit zu geben; z. B.
552 1035 804 1092 Moll-Tonart.
270 1094 1183 1147 Erheben wir einen Molldreiklang zum Hauptaccorde,
174 1143 1176 1187 indem wir ihn mit den Molldreiklängen seiner Unter- und
181 1180 1186 1227 Oberdominante in Verbindung bringen, so erhalten wir das
184 1223 584 1275 System der Molltonart:
176 1372 1178 1417 Diese, in ihren Hauptmomenten in weichen Dreiklängen auf¬
182 1412 1180 1467 tretende Tonart ist trüben und schwermüthigen Charakters,
181 1461 1190 1499 und in melodischer und harmonischer Hinsicht stets der ent¬
183 1500 1184 1549 schiedene Gegensatz von der klaren und kühn aufstrebenden
180 1540 1178 1587 Durtonart. Wenn z. B. die letztere ihren bestimmtesten Schluß¬
181 1587 1180 1630 fall mit dem Oberdominantaccord bildet, so bildet ihn die
180 1627 1189 1674 Molltonart mit ihrem Unterdominantdreiklange; wenn
178 1668 1185 1713 die melodische Durtonleiter mit dem Grundtone des Haupt¬
176 1716 1188 1765 dreiklanges beginnt und stufenweise hinaufsteigend mit einem
184 1756 1189 1811 Halbtone in die Octave desselben leitet: $$GRAPHIC, so
179 1813 1183 1859 beginnt die melodische Molltonleiter mit der Quinte des
185 1860 1191 1906 Hauptdreiklanges und steigt stufenweise in denselben Intervallen
