1385 2176
644 211 703 260 19
169 813 1164 867 In welcher Tonart diese Accorde nun auch auftreten mögen,
174 860 1168 899 der innere Zusammenhang derselben wird z. B. folgendermaßen
168 900 1162 940 nachgewiesen werden können: Die Accordfolge 1 findet sich in
165 940 1171 987 F moll, 2 in G dur, 4 in A moll, 5 und 7 in C dur, 10 in
166 984 1173 1033 F dur, 11 in E moll; bei 3 kann der Es dur-Dreiklang dem
173 1028 1173 1074 C dur verwandten As dur angehören; das Beispiel 6 kann den
172 1068 1172 1114 C dur-Dreiklang der E moll-Tonart bezeichnen, mit deren Ober¬
165 1112 1164 1163 dominantaccord der Fis dur-Dreiklang in nächster Verbindung
171 1156 1173 1202 steht; 8 benutzt den As dur-Dreiklang der C dur verwandten
170 1196 1172 1244 F moll-Tonart; 9 sind terzverwandte, verbundene Dreiklänge
165 1246 1165 1292 u. s. f., wobei jedoch zu bemerken ist, daß die harmonische Viel¬
173 1283 1174 1321 deutigkeit der Accorde noch manche andere, durch vorangehende
169 1324 1078 1371 oder nachfolgende Harmonien bedingte Erklärung zuläßt.
257 1366 1175 1411 Die neuere Harmonielehre kann demnach mit Recht den
176 1405 1177 1472 Satz aufstellen: Einem consonirenden Accorde kann
171 1452 1179 1499 jeder andere consonirende Accord folgen. Selbstver¬
173 1494 1165 1547 ständlich giebt die oben angewandte natürlichste Stimmenführung
170 1537 1170 1579 und das Vermeiden der melodisch auftretenden übermäßigen
174 1580 1172 1620 und verminderten Intervalle, der offenbaren und verdeckten
175 1620 1161 1666 Quinten- und Octavenparallelen, sowie der unharmonischen
176 1664 1174 1706 Querstände einer jeden Accordfolge den meisten äußeren Zu¬
173 1708 1173 1754 sammenhang, wie denn endlich auch wohl zu beachten ist, Accorde
168 1749 1169 1798 von entfernter Verwandtschaft nicht in zu rascher Bewegung
176 1790 1173 1835 unmittelbar auf einander folgen zu lassen, um dem Ohre Zeit
171 1844 1172 1891 zu gönnen, auch den inneren Zusammenhang der Harmonien
175 1876 359 1931 zu erfassen.
