1357 2169
642 196 687 234 47
246 610 1159 650 Der verminderte Septimenaccord kann, indem nur
164 651 1167 695 eine seiner Stimmen sich bewegt und einen Halbton abwärts
167 693 1163 742 schreitet, dort zum Grundtone eines Dominantseptimenaccordes
164 736 1172 779 werden, wie unten bei 1; oder es kann eine seiner Stimmen
174 787 1166 829 zum Grundtone eines solchen werden, wenn sie auf ihrer Stelle
170 820 1165 867 verharrt, während die drei anderen einen Halbton aufwärts
173 862 1170 911 schreiten, wie bei 2; oder es kann eine Folge von je einen Halb¬
170 909 1166 947 ton steigenden oder fallenden verminderten Septimenaccorden
166 948 954 994 ausgeführt werden, wie unten bei 3 u. 4, u. s. f.
565 1530 773 1586 Orgelpunct.
253 1596 1174 1642 Unser Ohr hat sich nicht allein schon an die anhaltende
173 1643 1169 1682 Spannung einer Folge von Septimenaccorden gewöhnt, es er¬
176 1684 1174 1731 trägt sogar auch eine Harmonienfolge, welcher als Basis ein
173 1724 1168 1776 Halteton hinzugefügt wurde, der nur mit seinem Anfangs-
168 1780 1175 1819 und Ausgangspunkte in verständlicher harmonischer
169 1812 1174 1858 Beziehung zu jener in sich zusammenhängenden Folge
173 1854 1172 1899 von Accorden steht. Ein solcher „Orgelpunct” kann nun
